1748 3420
435 215 530 272 475
637 211 1511 264 ANNOTATIONES

435 295 530 332 tutis
542 294 609 343 est,
622 307 740 350 atque
753 299 798 338 ad
811 299 914 339 hunc
926 300 1055 340 locum
1069 313 1206 353 parum
1219 301 1435 354 appofitae3
1450 302 1513 342 vel
1524 307 1702 356 pangendo

427 349 628 401 figendoque
641 352 854 406 distinguere,
872 354 936 393 vel
955 356 1006 393 ita
1023 356 1182 408 defigere,
1202 369 1241 394 ut
1248 356 1434 408 stabilitum
1453 358 1512 396 diu
1532 359 1699 409 perduret.

433 401 585 454 Eunap.
608 404 788 445 Prooem.
804 421 839 460 p.
859 420 897 458 5:
920 411 977 447 Τὰ.
991 409 1031 447 ἐκ,
1047 408 1111 448 τῆς
1123 408 1235 448 ἀκοῆς
1255 407 1328 447 ὑπὸ
1340 407 1404 447 τοῦ
1424 411 1558 470 χρόνοιέ
1575 425 1702 450 καται-

431 453 606 505 σειόμενα.
624 459 690 497 καὶ
714 462 1019 510 μεταβάλλοντα
1037 460 1233 513 ἓως-τῆξαι
1246 462 1309 501 καὶ
1326 464 1497 514 στηρίξαι
1511 479 1557 512 τῃ
1570 463 1701 517 γραφῇ
1746 468 1748 470 ’

431 511 525 558 πρὸς
537 512 579 546 τὸ
588 512 778 562 στάσιμον
789 515 854 554 καὶ
865 516 1114 568 μονιμώτερον.
1127 517 1201 556 Hic
1213 517 1344 569 itaque
1354 517 1555 568 legendum
1572 528 1704 570 potius

430 561 608 612 videtur,
633 566 738 605 ἀλλὰ
761 568 931 621 σχεέίιέις
946 569 994 608 δὴ
1015 569 1270 620 πηξαμένους,
1293 581 1336 609 ut
1350 570 1538 610 Herodot.
1556 571 1612 617 V,
1627 570 1700 618 82,
1747 583 1748 596 ¹

429 615 517 656 ι’ῑῐόις
532 631 575 656 τε
588 619 812 670 πηξάμενοι.
829 622 1006 662 Similiter
1018 624 1057 662 in
1072 623 1287 662 Philostrati
1303 623 1409 663 Icon.
1425 624 1481 671 11,
1495 639 1531 677 p.
1545 623 1639 677 853,
1659 639 1702 664 v.

432 682 497 721 19,
510 670 700 727 Penelope
715 675 871 715 ἀναλύει
887 676 917 715 ὁὶ
935 676 1116 727 sano-(sva,
1133 677 1258 729 placet
1274 676 1302 716 ἃ
1314 677 1359 717 ὃ).
1375 673 1512 726 ἱίφῃνεν.
1534 679 1698 718 ΗεΜετ.

486 725 560 764 edd.
573 725 596 765 l.
619 728 676 766 16.
701 728 781 768 Τοῖς
800 729 1016 781 ἀνθρώποις)
1031 732 1122 770 Non
1137 732 1309 771 barbaris
1323 730 1467 780 solum,
1485 731 1546 771 sed
1563 731 1705 785 &ipsis

430 775 743 821 Atheniensibus.
758 783 849 822 Vid.
867 783 1058 823 Plutarch.
1080 799 1199 838 1439,
1216 800 1249 824 2.
1264 785 1423 825 SOLAN.

489 832 578 884 Pag.
598 836 714 884 176.l.
727 850 762 874 2.
789 837 840 876 Ἐν
851 837 967 890 <pust
977 837 1040 890 ὢν)
1053 837 1161 878 Dion
1175 838 1316 891 Chrys.
1332 838 1404 878 Or.
1419 837 1560 886 LXIV,
1573 852 1609 891 p.
1628 852 1704 893 599

430 883 476 923 Β.
493 887 652 936 Ἀτίμως
674 888 973 940 ἀπέθανεμέιτην
996 894 1130 931 πολλὰ
1143 893 1411 943 mammaeae
1436 894 1526 942 πρὶς
1555 894 1617 932 τὴν
1636 892 1704 931 τύ-

431 951 524 990 χην.
546 940 642 981 Illud
655 942 776 995 ipsum
790 943 937 995 ἀτίμως
952 946 990 984 in
1005 945 1082 986 fine
1093 946 1234 999 dialogi
1247 945 1431 986 adversus
1446 947 1702 987 Hannibalem

430 1004 451 1029 a
471 992 505 1031 se
518 991 694 1046 fugatum
709 998 910 1050 'intorquet
922 999 1062 1052 Scipio.
1078 1000 1248 1039 Duobus
1263 1001 1368 1040 vitiis
1382 1000 1636 1039 Hannibalern
1648 1001 1703 1040 in-

428 1047 560 1097 primis
575 1049 759 1101 infignem
774 1051 949 1092 fecerunt
962 1053 1133 1093 Romani
1151 1053 1370 1107 scriptores,
1385 1055 1546 1093 avaritia
1561 1054 1601 1093 δι
1617 1067 1705 1094 cru-

428 1101 582 1140 delitate
597 1115 605 1141 ε
623 1115 666 1142 ut
683 1105 884 1146 Valerium
899 1107 1060 1146 Maxim.
1077 1120 1326 1160 praeteream,
1341 1108 1430 1147 vide
1445 1108 1530 1148 Liv.
1543 1108 1706 1156 XXVI,

433 1152 500 1205 38,
516 1154 632 1204 XXI,
652 1171 689 1205 4.
703 1159 808 1211 prius
819 1161 857 1198 in
873 1161 1150 1201 dubitationem
1167 1174 1217 1201 eo
1232 1162 1358 1201 minus
1373 1161 1501 1208 venit,
1514 1163 1620 1215 quod
1633 1162 1704 1215 ipsu

429 1206 924 1266 Carthaginienses‚quibus
940 1215 1138 1268 popularis
1148 1214 1202 1255 sui
1216 1229 1343 1256 mores
1351 1217 1449 1255 bene
1465 1225 1583 1255 notos
1593 1215 1704 1257 fuiffe

429 1262 575 1310 credas,
589 1265 678 1305 huic
699 1267 930 1308 accusationi
944 1268 1194 1309 subscribant:
1211 1270 1377 1310 alterum
1393 1270 1474 1309 eius
1493 1270 1649 1322 ingenio
1664 1272 1703 1310 in

428 1313 626 1373 saevitiam
645 1333 713 1372 per
726 1320 763 1360 se
776 1323 964 1374 proclivi,
985 1336 1034 1362 an
1051 1336 1199 1372 rerum,
1215 1324 1251 1362 in
1272 1324 1415 1376 quibus
1427 1324 1534 1363 varia
1549 1323 1706 1364 fortuna

428 1369 501 1408 tuit
511 1372 697 1421 versatus,
706 1375 911 1416 neceffitati
923 1376 968 1416 fit
976 1377 1237 1423 tribuendum,
1245 1378 1450 1430 prudenter
1457 1376 1623 1430 disputat
1634 1378 1705 1418 Po·

428 1421 562 1473 lybius
575 1427 613 1465 in
629 1427 722 1468 Exc.
738 1429 864 1469 Vales.
877 1445 912 1483 p.
931 1445 980 1484 30
993 1431 1034 1470 &
1045 1430 1122 1485 seq.
1146 1431 1295 1472 Contra
1311 1432 1584 1471 Romanorum
1599 1433 1705 1471 Han-

428 1477 596 1519 nibalem
610 1481 790 1523 incusafse
806 1484 1085 1533 crudelitatem,
1098 1486 1300 1525 Diodorus
1320 1497 1448 1524 narrat
1463 1486 1500 1524 in
1517 1485 1609 1525 Exc.
1623 1487 1704 1525 Va-

427 1530 491 1570 les.
502 1546 536 1585 p.
549 1534 597 1572 28
606 1550 619 1574 1
634 1547 643 1574 :
659 1535 735 1576 Τῶν
743 1536 923 1587 Ῥωμαίων
933 1538 948 1577 ὃ
960 1541 1122 1584 Ἀννιβας
1132 1542 1262 1579 πολλὰ
1273 1537 1544 1592 κατηγορήσεις
1553 1540 1606 1579 εἰς
1614 1538 1704 1591 ὦμό-

429 1599 534 1625 ‘tnnc
552 1589 618 1627 καὶ
639 1592 828 1643 πονηρίαν,
852 1593 870 1631 ἢ
887 1594 1041 1643 μᾶλλον
1063 1590 1333 1645 ὑπερηφανείοιν
1356 1594 1430 1635 &c.
1451 1607 1544 1633 mox
1569 1604 1699 1634 tamen

429 1639 549 1681 idem:
571 1640 652 1682 ἔνθα,
667 1643 715 1685 <rh
729 1645 884 1685 semim
895 1648 939 1687 ἀν
953 1662 1011 1687 τις
1022 1646 1088 1687 τοῦ
1098 1648 1166 1699 μὲν
1184 1648 1343 1688 Φοίνικος
1355 1648 1510 1698 ἐμίσησε
1525 1647 1593 1688 τὴν
1610 1647 1703 1698 ὦμό-

429 1708 546 1736 τητα.
565 1697 729 1738 HEMST.

486 1753 558 1788 ead.
573 1752 597 1790 l.
614 1765 646 1804 5.
662 1754 822 1804 Νὸμιμον
835 1753 880 1793 1st
897 1755 915 1793 ἢ
931 1770 993 1805 πρ.
1009 1751 1132 1808 οὗδῗὲν)
1153 1755 1319 1809 Legitima
1330 1756 1401 1794 acie
1412 1756 1447 1794 6·
1458 1767 1572 1807 aperto
1584 1757 1705 1795 Marte

430 1802 520 1841 nihil
523 1804 664 1855 perficit
676 1839 686 1855 ,
707 1819 748 1847 ut
764 1809 938 1861 proxime
953 1810 1216 1849 antecedentia
1236 1808 1458 1850 ostendunt:
1483 1822 1564 1849 non
1577 1822 1698 1859 vero,

430 1872 603 1911 nunquam
625 1861 702 1907 iusti
722 1876 787 1901 auc
798 1863 1008 1902 claritudinis
1023 1864 1169 1902 alicuius
1187 1879 1319 1911 memor,
1335 1875 1378 1903 ut
1402 1862 1563 1902 absurde
1589 1863 1704 1904 habet

428 1911 627 1964 interpres.
643 1914 704 1953 Est
714 1916 861 1956 locutio
873 1916 986 1956 dueta
999 1931 1019 1955 a
1032 1918 1318 1966 certaminibus,
1331 1919 1369 1956 in
1381 1918 1522 1970 quibus
1533 1916 1702 1958 viaores

429 1965 622 2006 debebant
640 1969 772 2010 viciffe
784 1973 889 2009 nm&
903 1970 1020 2020 νόμον,
1033 1971 1176 2022 servata
1196 1973 1353 2011 ludorum
1370 1972 1459 2025 lege:
1480 1970 1536 2010 fin
1552 1972 1676 2012 minus
1687 2002 1701 2018 ,

429 2022 645 2070 praemium
660 2037 741 2063 non
752 2024 979 2064 referebant.
994 2024 1121 2065 CLER.
1138 2025 1278 2066 Sumsit
1292 2039 1314 2065 a
1324 2025 1526 2066 Demosth.
1539 2039 1574 2079 p.
1584 2039 1633 2079 92
1647 2025 1698 2066 C.

429 2074 597 2114 HEMST.

499 2133 571 2168 ead.
589 2130 612 2169 l.
632 2129 666 2169 8.
684 2131 845 2179 Ἵῖτέρκις
862 2133 992 2187 συνὼν)
1013 2133 1087 2174 Pro
1100 2133 1240 2187 ἑτέραις
1252 2133 1364 2173 συνὼν
1383 2133 1489 2186 lege,
1510 2144 1553 2173 ut
1573 2133 1703 2186 legen-

430 2181 521 2221 dum
538 2184 633 2223 vidit
654 2185 810 2225 Latinus
827 2187 1013 2241 interpres
1026 2219 1038 2237 ‚
1057 2187 1222 2240 ἑταίρκις
1241 2187 1367 2234 συνὼν,
1388 2203 1465 2227 cum
1485 2188 1603 2227 amicis
1617 2203 1702 2227 con·

419 2237 602 2288 Jizescens,
631 2238 706 2279 hoc
721 2240 795 2289 est,
816 2243 1048 2281 meretricibus.
1070 2241 1245 2282 GRAEv.
1265 2241 1450 2293 ‘Erat‘pmf
1465 2241 1578 2280 συνὼν
1599 2242 1696 2283 Flor-

429 2288 588 2341 Ἑτέρως
607 2305 809 2344 peccatum
822 2295 874 2333 est
891 2296 1147 2348 posteriorum
1162 2296 1242 2335 edd.
1260 2295 1400 2334 Scribit
1417 2295 1554 2335 Florus
1569 2294 1625 2342 11,
1645 2295 1670 2336 6
1687 2327 1701 2345 ,

430 2346 447 2395 §
464 2359 526 2393 21,
545 2347 798 2388 Hannibalem
816 2361 837 2387 a
850 2349 1013 2389 viftoria
1025 2349 1216 2390 Cannensi
1232 2348 1422 2395 maluiffe,
1438 2350 1551 2388 reliua
1563 2351 1675 2388 Roma
1687 2381 1700 2398 ‚

433 2402 658 2451 Campaniam
683 2405 925 2456 Tarentumque
934 2414 1139 2457 peragrare}
1162 2404 1219 2443 ubi
1232 2419 1312 2443 mox
1327 2403 1361 2440 ἃ
1373 2402 1456 2456 ipse,
1481 2402 1516 2442 θ’
1535 2403 1699 2442 exercitus

428 2457 529 2494 ardor
552 2456 710 2508 elanguit.
735 2457 856 2497 Mitto
869 2457 1105 2503 Tarentum,
1121 2458 1226 2510 quod
1242 2469 1370 2496 tamen
1391 2456 1573 2496 haGtenus
1587 2451 1698 2497 fuiffe

429 2509 574 2549 nemini
589 2509 800 2563 suspec‘tum
819 2513 959 2553 miror:
986 2512 1032 2553 de
1046 2511 1261 2552 Hannibale
1275 2511 1497 2566 Campanae
1514 2510 1699 2564 volupta-

989 2588 1019 2610 »-

993 2618 1007 2650 ὲ
