1748 3420
413 250 504 299 534
601 229 1476 279 ANNOTATIONES

410 325 446 362 Ia
458 321 635 374 neccffitaete
649 334 712 359 aut
729 321 897 360 commodo
908 319 988 370 suo.
1009 319 1192 372 Equidem
1207 318 1295 359 nihil
1311 320 1425 374 plane
1441 334 1542 361 nunc
1555 321 1680 375 agitur

409 377 458 415 de
471 376 682 415 commodo
694 373 999 414 descendentium
1008 403 1021 419 ‚
1036 373 1077 413 δι
1090 373 1216 413 nullus
1227 373 1316 413 huic
1328 375 1419 414 voci
1432 375 1540 415 locus
1554 377 1593 414 in
1605 377 1680 416 hae

410 430 590 468 oratione
607 429 686 467 dari
701 426 836 480 potest.
856 426 989 478 Itaque
1010 426 1236 466 Benediaus
1254 439 1304 466 eo
1320 427 1582 468 animadverso
1601 442 1681 482 ρος
1744 427 1748 440 ’

410 482 566 521 ssremas
589 493 664 520 tres
678 493 797 520 voces
813 478 975 519 abscidit.
992 479 1064 519 Sed
1086 479 1205 519 nihilo
1223 481 1306 532 plus
1322 480 1400 520 huc
1419 482 1602 521 convenit
1615 482 1681 521 illa

409 534 621 575 neceffitas.
636 535 727 575 Non
747 534 849 574 enim
866 533 985 573 modo
1003 533 1090 585 ipsis
1112 532 1258 572 neceffe
1280 546 1361 573 non
1382 534 1437 573 est
1456 535 1601 580 obniti,
1617 534 1681 574 sed

411 589 606 628 contraria
618 586 810 627 neceffitas
823 586 908 639 ipsis
920 587 1105 626 incumbit
1116 588 1243 638 quiete
1257 587 1296 626 δι
1307 588 1444 638 cupide
1456 587 1678 628 descenden-

413 643 463 681 di.
484 642 555 682 Sed
572 654 643 681 nec
664 641 811 682 Graeca
827 640 1033 692 quidquam
1051 640 1096 679 de
1114 639 1336 680 neceffitate.
1352 641 1491 681 Verte:
1512 642 1682 693 refizpinos

413 696 597 735 obnitentes
607 726 620 743 ‚
632 710 705 734 cum
720 695 840 744 idjieri
852 710 918 732 non
932 705 1111 746 oporteret,
1126 710 1192 732 non
1197 696 1250 745 sic
1257 693 1451 744 faciendum
1463 695 1551 747 effer.
1565 695 1619 734 Ut
1630 695 1680 735 de

414 749 829 788 Saltatione:{7m1'vou5
852 745 1061 790 ἐπιβοῶντα
1079 746 1201 796 ὀλέθρῳ
1220 761 1292 786 τινι
1311 746 1482 797 ἀνθρώπῳ
1502 748 1553 788 εἰς
1574 744 1686 788 οὗὲὲν

414 802 499 842 θέον
518 803 809 851 κατακλωμένῳ.
832 801 1105 840 Hermotimo:
1131 799 1275 851 διεξιὼν
1291 797 1393 839 αὐτὰ
1413 801 1477 839 καὶ
1494 802 1686 853 ἀκριβολο-

415 855 593 910 γούμενος
605 853 668 894 065
676 856 710 894 ὲν
728 853 820 894 δέον.
836 853 882 893 Et
897 853 1002 901 alibi,
1017 853 1082 893 ubi
1095 853 1195 893 recte
1210 853 1461 893 attenderunt.
1475 853 1537 893 Sic
1553 854 1594 894 δι
1608 855 1684 904 alii,

412 920 461 951 ut
480 908 763 950 Demosthenes
781 907 1008 958 Olynthiac.
1028 922 1062 959 3,
1077 909 1180 946 πλέω
1195 908 1214 953 ἢ
1230 907 1348 958 χίλιοι
1367 907 1431 947 καὶ
1446 908 1684 948 πεντακόσιοι

416 964 598 1003 ’τάλαντα
611 963 854 1011 ἀνηλώκαμεν
866 960 915 1000 εἰς
928 957 1030 999 οὐδὲν
1042 960 1135 999 se‘ov.
1153 959 1295 1000 GRON.

473 1019 551 1056 ead.
566 1017 590 1055 l.
603 1031 617 1055 1
631 1029 661 1053 1.
675 1013 949 1068 Ἰσμηνὸἒωρος)
957 1013 1309 1054 ThebanusCrates
1322 1029 1335 1063 3
1346 1028 1439 1068 ergo
1451 1014 1492 1054 &
1504 1014 1566 1055 hic
1577 1013 1689 1055 Isme-

420 1070 607 1111 nodorus.
629 1069 786 1109 SOLAN.

475 1125 549 1162 ead.
564 1124 589 1162 l.
605 1136 617 1160 ι
628 1137 662 1161 2.
673 1121 879 1173 ‘Apo-denne)
893 1121 994 1161 Ficta
1009 1133 1056 1160 an
1069 1133 1163 1159 vera
1179 1121 1272 1161 haec
1285 1120 1357 1161 sint
1373 1121 1514 1162 nescio.
1527 1121 1689 1165 Sonam.

420 1177 634 1216 Nominum
650 1176 764 1215 huius
775 1175 916 1226 dialogi
933 1175 1177 1227 propriorum
1198 1174 1286 1214 usus
1304 1176 1404 1227 apud
1420 1176 1593 1218 Graecos
1606 1188 1687 1216 non

420 1229 666 1282 infrequens:
684 1242 809 1282 neque
823 1239 951 1268 tamen
972 1239 1097 1268 certos
1117 1229 1312 1273 homines,
1329 1228 1514 1281 verasque
1535 1242 1597 1269 res
1622 1242 1689 1283 ge-

420 1283 496 1324 stas
516 1296 539 1322 a
560 1283 733 1323 Luciano
753 1282 924 1322 denotari
947 1281 1094 1321 censeo.
1112 1282 1148 1322 Si
1168 1283 1260 1335 quid
1281 1283 1433 1322 aliunde
1455 1281 1609 1323 ductum
1623 1313 1638 1330 ,
1653 1283 1691 1322 id

420 1349 539 1377 omne
562 1337 693 1377 scenae
717 1349 846 1376 novae
869 1336 1023 1376 comicis
1038 1335 1256 1376 crediderim
1271 1336 1419 1385 deberi3
1439 1337 1547 1376 cuius
1569 1337 1689 1377 docu-

424 1400 597 1430 mentum
613 1391 766 1443 aliquod
776 1389 893 1443 paulo
907 1389 990 1442 post
1005 1388 1196 1429 afferetur.
1211 1390 1275 1429 De
1286 1390 1426 1430 Arsace
1440 1391 1591 1430 moveri
1605 1400 1693 1443 pot·-

423 1455 506 1483 erat
519 1445 726 1487 dubitatio:
741 1444 917 1496 quamvis
930 1443 1031 1483 enim
1048 1442 1220 1482 fortiffim
1227 1456 1271 1482 us
1290 1443 1451 1484 Parthici
1467 1445 1573 1496 regni
1595 1457 1692 1485 con·

425 1498 528 1538 ditor
541 1511 563 1537 a
576 1498 718 1538 Iustino
731 1509 878 1537 matura
893 1496 1082 1536 senectute
1093 1528 1103 1544 ‚
1115 1497 1163 1536 ab
1177 1498 1389 1538 Ammiano
1405 1498 1549 1550 placida
1565 1509 1690 1538 morte

421 1552 613 1592 ‹leceffiffe
627 1564 813 1598 narretur,
828 1550 1030 1603 syncellus
1044 1561 1170 1590 tamen
1182 1580 1192 1595 ,
1211 1564 1252 1590 ut
1264 1552 1312 1590 ab
1328 1552 1377 1591 H.
1390 1551 1547 1591 Valesio
1559 1551 1694 1591 obser-

424 1617 563 1645 vatum
580 1607 624 1645 ad
640 1605 851 1645 Marcellin.
870 1604 1026 1650 XXIII,
1042 1617 1075 1643 c.
1092 1606 1136 1651 6,
1158 1604 1327 1644 diversos
1350 1604 1526 1645 auctores
1542 1604 1694 1646 secums

423 1659 594 1700 occisum
609 1659 682 1700 effe
705 1659 873 1698 tradidit:
890 1671 1010 1711 genus
1029 1670 1154 1697 autem
1182 1659 1316 1700 mortis
1335 1659 1386 1698 ita
1408 1658 1595 1711 descripfit
1609 1659 1695 1699 Sui-

424 1714 491 1753 das
500 1743 511 1759 ‚
529 1726 571 1752 ut
583 1727 604 1752 a
616 1713 835 1752 narratione
850 1712 1009 1752 Luciani
1027 1714 1104 1751 no'n
1120 1712 1280 1752 multum
1292 1712 1394 1752 abire
1407 1713 1602 1753 videatur:
1615 1714 1696 1766 Ἀρ-

425 1767 545 1807 σέικης
563 1767 710 1819 Πάρθων
729 1765 921 1812 βασιλεὺς,
938 1766 975 1804 ὃς
990 1764 1120 1817 ἓόροιτι
1143 1766 1306 1820 πληγεὶς
1324 1766 1359 1806 ἐν
1381 1764 1428 1813 ‘rifi‘
1445 1767 1562 1820 μάχῃ
1585 1769 1693 1807 κατὰ,

425 1822 491 1860 ’τὴν
506 1825 668 1873 πλευρὰν
692 1820 924 1861 ἀποθνήσκει·
938 1831 1036 1872 quae
1049 1820 1199 1872 quidem
1216 1820 1470 1873 undecunque
1480 1821 1696 1873 depromta,

425 1874 542 1915 Suida
557 1873 684 1914 saltem
699 1875 841 1921 iudice,
855 1874 901 1911 ad
916 1874 1078 1926 primum
1094 1872 1260 1914 Arsacen
1275 1873 1460 1926 speclare,
1473 1887 1521 1913 ex
1537 1874 1697 1926 sequen-

424 1928 528 1967 tibus
544 1927 597 1966 est
615 1927 1025 1970 manifestum.Verum
1040 1939 1114 1979 ego
1125 1957 1136 1972 ,
1151 1928 1219 1979 qui
1242 1929 1412 1981 potuerit
1426 1928 1602 1980 appellari
1616 1932 1694 1967 Mn-

426 1981 518 2020 Σίας
540 1977 720 2033 ὕπαρχος
742 1981 804 2020 hic
819 1980 999 2028 Arsaces,
1021 1993 1101 2019 non
1118 1981 1253 2021 video:
1270 1993 1465 2034 praeterea
1479 1981 1543 2022 τῆς
1563 1981 1626 2021 ἐπὶ
1641 1981 1694 2031 τῷ·

426 2034 559 2086 Ἀράξῃ
578 2039 664 2087 πρὸς
676 2039 737 2074 τὸν
754 2034 1018 2074 Καππαὸόκην
1040 2033 1227 2084 συμβολῆς
1245 2036 1330 2087 quis
1346 2036 1440 2075 alius
1461 2036 1575 2075 ullam
1601 2033 1694 2075 fecit

428 2089 690 2130 mentionem?
708 2089 844 2140 Quare
857 2088 1090 2141 probabilius
1104 2088 1280 2127 existimo
1290 2118 1303 2135 ‚
1319 2090 1410 2128 dum
1427 2090 1590 2129 certiora
1604 2102 1696 2141 pro-

430 2154 595 2189 mantnt,
611 2143 702 2182 haec
715 2142 788 2183 effe
799 2156 819 2182 a
832 2142 1018 2189 Luciano,
1029 2141 1242 2182 fabularum
1258 2142 1402 2182 artifice
1413 2155 1600 2196 perquam
1613 2143 1696 2183 ido-
1741 2143 1744 2148 '

428 2209 507 2237 neo
522 2227 534 2245 ‚
546 2196 611 2235 vel
623 2195 786 2236 contidla
798 2227 809 2242 ,
821 2195 887 2235 vel
898 2208 946 2234 ex
957 2195 1156 2235 comoedia
1171 2209 1276 2236 nova
1287 2196 1470 2237 derivata.
1487 2197 1652 2237 HEMST.

486 2251 521 2289 in
534 2252 651 2290 Schol.
667 2248 917 2302 Ἀνεκαλεῖτο)
930 2250 982 2288 Ex
990 2250 1092 2288 hibui
1103 2263 1258 2288 manum
1270 2249 1412 2290 doctiss.
1425 2250 1552 2290 Solani
1563 2265 1571 2290 ε
1584 2264 1697 2312 appa-

428 2315 489 2344 ret
508 2315 638 2344 tamen
650 2305 839 2358 explicare
856 2303 983 2343 Schol.
1000 2303 1163 2344 voluisse
1184 2303 1307 2354 ὲκυτῷ
1327 2304 1565 2356 ἐπεμεμφετο
1577 2319 1642 2346 της
1654 2319 1693 2345 τ.

432 2359 600 2398 ΗΕΜετ.

484 2413 575 2462 Pag.
593 2425 678 2459 224.
692 2413 713 2450 l.
734 2426 764 2450 1.
779 2410 992 2464 Κιθαιρῶνα)
1005 2410 1068 2450 De
1080 2410 1315 2451 Cithaerone
1329 2424 1452 2464 pauca
1462 2411 1567 2464 tetigi
1584 2411 1628 2451 ad
1646 2418 1692 2453 Δ.

426 2465 614 2512 'Ev.VIII,
631 2465 647 2514 §
667 2479 696 2504 1.
713 2466 786 2504 Hic
800 2477 928 2506 autem
948 2465 1238 2505 Eleutherarum
1253 2466 1356 2505 urbis
1374 2465 1484 2506 situm
1510 2478 1692 2505 accurate

427 2519 576 2561 definit:
593 2532 680 2560 nam
692 2520 835 2561 Thebis
849 2532 914 2574 per
929 2519 1095 2562 Plataeas
1107 2520 1177 2560 iter
1190 2519 1339 2561 facienti
1352 2520 1389 2562 in
1406 2520 1603 2573 regionem
1619 2520 1693 2561 At-
