1748 3420
199 210 286 255 IN
329 208 783 256 DIALOGOS
830 209 1195 255 DEORUM.
1245 226 1330 274 343

63 297 105 338 11.
125 303 166 345 Γ,
178 312 214 351 p.
230 311 331 347 410,
351 311 431 337 non
453 299 623 345 Caffius,
641 309 685 338 ut
698 297 821 338 visum
842 298 912 338 fuit
936 300 1017 338 [oh.
1034 300 1206 341 Meurfio
1229 301 1335 344 Misc.

64 352 209 392 Lacon.
227 353 269 400 Ι,
290 366 326 407 p.
346 366 405 391 21.
429 352 584 393 Prorsus
604 364 730 392 autem
745 352 924 411 perverse
940 354 1141 393 Dioscuris
1165 356 1333 395 additum

63 404 173 446 fuiss'e
190 418 332 445 nomen
346 407 567 459 mpco—n'sm
581 406 649 446 fibi
663 405 842 459 persuasit
853 406 898 444 Is.
912 406 1069 446 Voffius
1084 409 1129 447 ad
1140 409 1281 448 Catull.
1298 424 1335 463 p.

63 458 164 512 289;
180 454 416 512 quamquam
432 461 507 499 hoc
523 461 675 513 quidem
698 460 784 499 leve
798 459 852 498 est
873 472 1072 511 peccatum
1089 473 1205 514 atque
1224 465 1336 515 igno-

65 511 192 552 scibile
209 526 298 566 prae
313 526 362 553 eo
373 544 383 560 ‚
405 515 512 566 quod
536 513 727 553 commisit
742 513 791 553 G.
817 513 996 566 Cuperus
1024 516 1060 552 in
1087 517 1275 569 Harpocr.
1299 531 1336 569 p.

69 565 142 614 148
155 597 166 614 ‚
190 567 285 606 haec
303 566 489 607 scribens:
520 570 614 618 Quin
637 568 672 606 6²
683 567 911 619 παρώτιέες,
925 569 949 606 i.
961 585 987 606 e.
1006 570 1124 621 anguli
1136 572 1307 609 oculorum
1321 602 1335 618 ,

64 620 122 673 qui
144 635 242 658 aures
250 620 401 672 ffieffant
415 651 426 668 ‚
447 622 505 658 vel
513 621 604 672 sorte
624 633 750 673 tegmen
762 651 772 668 ‚
790 637 856 672 quo
872 637 970 659 aures
983 624 1175 661 muniebant
1188 626 1333 675 pugiles,

20 689 38 703 ‘-
64 676 159 726 quod
163 689 207 712 cx
217 675 406 712 amoribus
419 674 453 712 6·
460 676 586 726 statuis
601 675 760 728 eleganter
778 675 924 728 illustrat
940 675 1175 724 eruditissimus
1195 678 1335 715 Fabra-

65 739 139 773 tus,
152 728 232 779 quia
249 728 383 766 Pollux
392 729 551 780 pugilatu
569 730 603 766 δ’
613 727 1035 781 εαεβὶὸιιςῘρεὲἳιιηιςριὶῐ,
1052 729 1259 779 Διόσκουροι
1273 746 1334 769 νο-

64 794 208 821 cantur:
235 781 272 819 in
288 781 427 834 quibus
447 794 512 828 ea,
527 795 626 834 quae
642 783 796 827 monui,
822 782 916 820 nihil
939 781 1051 820 ineffe
1066 784 1143 821 sani
1165 783 1248 822 sans
1272 785 1336 823 de·

63 833 288 874 monstrant.
325 835 423 875 Illud
444 835 594 883 insuper
616 849 694 874 non
718 836 870 874 videtur
889 838 1231 886 praetereundum,
1255 837 1337 876 fieri

65 900 146 928 non
159 901 269 935 raro,
292 897 335 927 ut
346 919 358 935 ,
380 901 470 928 cum
484 888 608 928 stellae
629 888 833 929 Castorum
847 889 895 927 ab
910 890 1075 941 antiquis
1089 902 1336 930 commemo-

65 954 214 989 rantur,
227 941 482 982 Grammatici
495 942 560 980 vix
575 943 798 995 expediant,
813 956 941 982 utrum
952 972 961 989 ,
979 955 1080 994 quae
1096 957 1161 996 per
1176 944 1336 982 transtra

65 997 228 1035 navium
243 996 285 1036 δι
298 1006 483 1035 antennas
497 997 714 1044 adhaerent,
727 995 1082 1048 fintintelligendae,
1093 1010 1141 1035 an
1156 997 1333 1038 Gemini:

64 1047 119 1088 sic
133 1049 319 1090 fl11&i1are
331 1051 459 1089 videas
473 1060 798 1089 commentatores
812 1051 964 1089 Horatii
985 1060 1136 1090 veteres
1156 1051 1201 1089 ad
1226 1052 1242 1090 I
1258 1051 1335 1090 Od.

66 1101 122 1142 111
140 1105 181 1143 δι
193 1104 282 1150 XII,
296 1103 359 1143 lib.
375 1104 428 1143 ΙΙΙ
442 1103 517 1143 Od.
538 1105 684 1151 xxix,
697 1105 758 1152 64.
772 1103 846 1143 Pro
857 1104 1015 1156 geminis
1032 1103 1336 1145 facitGermani-

66 1169 156 1196 cus:
176 1159 268 1196 Sunt
278 1158 426 1204 Gemini,
436 1173 520 1210 quos
532 1159 631 1197 nulla
643 1159 712 1196 dies
719 1157 786 1209 sub
801 1160 832 1197 T
831 1169 946 1196 artam
960 1159 1060 1209 mifit‚
1076 1159 1144 1197 Sed
1151 1160 1336 1211 coelosem·

62 1225 126 1264 per
135 1212 251 1250 nautis
268 1211 544 1263 laetlffi'mastgna
555 1212 830 1265 Ledaeosflatuit
839 1213 973 1250 iuvenes
983 1225 1081 1263 pater
1091 1212 1161 1264 ipse
1170 1215 1334 1253 Deorum.

68 1263 249 1318 Denique
275 1265 448 1304 nonnihil
469 1265 614 1305 Achilli
641 1266 780 1305 debent
799 1265 976 1305 Castores
989 1295 1002 1311 ,
1022 1267 1088 1318 qui
1107 1267 1334 1319 particulam

67 1317 379 1371 occupatiffimae
397 1332 512 1358 curae
527 1321 563 1359 in
579 1319 619 1358 se
634 1319 801 1359 derivari
816 1318 932 1358 fuerit
944 1319 1082 1372 passus:
1103 1334 1170 1360 eos
1190 1320 1336 1370 saltem,

67 1373 135 1425 qui
151 1385 272 1426 prope
286 1371 442 1412 insulam
454 1373 667 1412 Achilleam
689 1374 910 1426 tempestate
925 1373 1052 1412 ianam
1077 1374 1307 1413 laborabant
1322 1404 1334 1422 ‚

67 1425 110 1465 in
123 1425 236 1466 fidem
255 1426 361 1466 suam
378 1429 522 1480 recepit
535 1458 547 1476 ,
560 1428 770 1480 iisdemque
782 1459 792 1475 ‚
806 1428 943 1480 quibus
963 1427 1015 1466 illi
1027 1458 1042 1474 ‚
1066 1427 1176 1480 signis
1190 1442 1335 1468 numen

68 1479 245 1533 praesens
263 1481 428 1521 indicare
448 1494 527 1520 non
546 1480 620 1521 fuit
635 1482 870 1534 dedignatus.
897 1481 1111 1521 Audiamus
1125 1482 1335 1522 Arrianum

67 1533 201 1574 testem
217 1534 478 1588 graviffimum
493 1535 574 1574 Per.
590 1535 627 1574 Ρ.
638 1536 679 1574 Ε.
695 1549 728 1588 p.
754 1549 819 1583 14,
835 1536 921 1588 qui,
946 1536 1036 1574 dum
1053 1537 1091 1574 in
1103 1535 1264 1576 Achillis
1278 1537 1336 1575 in-

67 1586 173 1629 sulae
194 1588 446 1641 descriptione
466 1588 717 1628 liberaliffime
732 1589 920 1635 versatur,
944 1589 1036 1628 haec
1062 1591 1159 1628 inter
1179 1591 1252 1628 alia
1278 1591 1335 1629 in-

69 1642 201 1682 stituto
228 1642 361 1682 nostro
380 1643 534 1682 minime
555 1643 676 1682 aliena
696 1643 842 1695 prodit:
862 1642 893 1681 οἱ
909 1642 953 1681 ὃὲ
969 1643 1035 1681 καὶ
1056 1638 1161 1693 ὅπως
1175 1644 1334 1696 λέγουσι

69 1695 229 1747 φοιννῖνοοι
245 1697 366 1744 σφίσιν
379 1697 443 1736 ἐπὶ
458 1694 524 1736 τοῦ
542 1695 650 1736 ἱστοῦ
660 1728 672 1744 ,
691 1697 710 1736 ii
732 1697 793 1735 ἐπ’
812 1697 909 1748 ἄκρῳ
923 1695 989 1735 τοῦ
1003 1698 1111 1747 κέρως
1126 1700 1186 1736 τον
1201 1697 1337 1749 Ἀχιλ-

70 1751 161 1799 λέα,
180 1750 348 1802 καθάπερ
363 1750 450 1790 τοὺς
461 1750 711 1803 Διοσκούρους·
727 1749 834 1789 τόσον
849 1750 894 1789 ἑὲ
904 1749 1008 1800 μόνον
1027 1750 1098 1788 τῶν
1111 1752 1336 1803 Διοσκούρων

71 1805 174 1856 μεῖον
191 1804 294 1858 ἔχειν
306 1807 368 1843 τον
382 1805 585 1858 Ἀχιλλέα,
596 1804 677 1844 ἴσον
691 1803 795 1855 οἱμὲν
815 1803 1022 1855 Διόσκουροι
1034 1804 1113 1844 τοῖς
1127 1802 1338 1857 πανταχοῦ

72 1858 341 1909 πλωϊζομένοις
357 1857 530 1910 ἐναργεῖς
540 1858 734 1909 φαίνονται
745 1889 758 1907 ‚
778 1860 841 1897 nai
853 1859 1030 1908 φανέντες
1045 1857 1199 1908 σωτῆρες
1215 1865 1339 1909 ’γένον-

72 1912 183 1953 ‘raeci
198 1911 329 1952 sea-01}
340 1913 550 1963 πελάζουσι
565 1911 636 1951 iisn
648 1911 696 1961 τῇ
709 1909 817 1961 νήσῳ.
830 1912 921 1951 Non
931 1910 1114 1950 diffimilis
1124 1912 1242 1950 exstat
1256 1912 1339 1951 Ma-

73 1967 168 2005 ximi
181 1966 298 2018 Tyrii
314 1965 423 2005 locus
433 1964 526 2004 Diff.
539 1965 692 2005 XXVII
705 1979 717 2013 ;
729 1978 817 2005 cum
831 1978 912 2018 quo
927 1965 955 2004 s1
967 1965 1234 2004 Philostratum
1250 1979 1341 2004 con-

72 2019 205 2059 tuleris
221 2020 315 2060 Her.
330 2032 364 2059 c.
376 2020 497 2065 XVI,
514 2032 658 2072 operae
673 2032 752 2059 non
767 2020 996 2072 poenitebit:
1020 2019 1173 2058 Arriani
1189 2020 1233 2058 ad
1253 2020 1340 2057 Ma-

74 2074 229 2113 ximum
242 2074 320 2113 iam
335 2074 558 2113 meminerat
572 2073 623 2112 D.
636 2072 826 2113 Heinsius.
843 2073 1025 2113 Ceterum
1038 2074 1083 2112 de
1098 2073 1248 2112 stellulis
1263 2073 1341 2112 istis

75 2127 300 2167 salutaribus
310 2157 322 2173 ,
339 2140 437 2180 quae
451 2127 655 2167 Castorum
669 2128 768 2179 apud
783 2127 971 2172 Graecos,
984 2127 1227 2179 postmodum
1241 2127 1343 2179 apud

75 2180 301 2221 Pontificios
312 2180 539 2221 Sanetorum
553 2181 773 2221 nominibus
788 2180 954 2233 insigniri
967 2192 1191 2220 meruerunt
1202 2212 1213 2228 ‚
1228 2193 1341 2219 natu-

77 2234 294 2288 ralibusque
317 2248 450 2274 earum
473 2234 594 2274 causis
616 2235 735 2274 multa
754 2234 1003 2274 subministrat
1022 2233 1231 2274 Fromond.
1257 2236 1346 2273 Me-

78 2289 220 2329 teorol.
236 2289 272 2328 II
283 2319 294 2336 ,
307 2301 340 2328 c.
358 2304 392 2328 2.
408 2289 515 2328 Haec
529 2288 644 2341 paulo
656 2289 811 2328 uberius
822 2290 968 2327 tradere
981 2287 1104 2327 visum
1116 2287 1186 2327 fuit
1196 2319 1209 2334 ,
1221 2299 1264 2328 ut
1278 2301 1345 2328 cu-

79 2356 143 2382 ras
169 2343 358 2383 iuveniles
380 2342 615 2394 expolirem:
638 2355 708 2382 nec
731 2341 857 2381 fraudi
878 2343 969 2381 mihi
991 2340 1075 2382 fore
1101 2341 1231 2395 spero,
1258 2343 1286 2380 fi
1305 2343 1344 2380 in

80 2397 212 2436 eadem
231 2397 358 2436 denuo
373 2395 554 2448 palaestra
567 2395 774 2436 desudarim
783 2428 794 2443 ‚
811 2397 848 2434 in
863 2410 939 2449 qua
954 2396 1028 2434 iam
1040 2408 1129 2435 ante
1140 2397 1212 2436 viri
1223 2396 1345 2434 litera-

80 2463 170 2489 rum
182 2451 292 2490 laude
307 2449 535 2504 praestantes
545 2479 555 2497 ‚
571 2451 612 2489 L.
628 2449 789 2489 Bisciola
802 2451 900 2490 Hor.
913 2449 1018 2490 Subs.
1030 2450 1100 2497 lV⁷
1118 2451 1179 2496 16,
1193 2449 1241 2489 G.
1258 2449 1343 2487 1011.

22 2570 26 2575 ἱ
84 2503 246 2548 Voffius
261 2505 306 2546 de
324 2503 434 2558 Orig.
454 2503 497 2545 ὅ(
516 2503 650 2559 Progr.
662 2503 757 2546 Idol.
770 2503 1141 2596 Raph·F³b¹‘{J·A³d
1164 2502 1348 2544 Column.

1023 2589 1045 2599 ⁸
1095 2589 1110 2606 δ’
