1748 3420
122 209 191 254 IN
227 206 634 254 DIALOGOS
668 205 1172 253 MORTUORUM.
1207 208 1294 267 461

0 307 11 337 rs
37 294 178 334 'tianus
190 324 201 342 ,
215 294 375 333 eundem
392 295 539 332 exitum
553 306 575 332 a
596 291 845 333 Locrensibus
861 291 1045 343 Dionysii
1059 292 1217 332 iunioris
1239 294 1304 332 ha-

0 364 11 388 ι
30 347 225 387 buerunt.
250 347 386 386 Strabo
403 347 482 393 VI,
496 359 580 399 pag.
601 345 686 398 398.
702 346 849 384 Aelian.
866 347 917 384 H.
930 346 981 383 V.
996 344 1068 391 IX,
1081 346 1116 384 8.
1138 347 1305 388 HEMST.

39 424 43 429 ·
98 403 172 439 ead.
187 400 210 438 l.
225 415 261 449 4.
282 403 470 439 Βάλλεται
485 398 661 450 ἀφθόνοις)
681 399 741 438 Sic
762 397 906 451 paffim.
933 399 1105 438 BOURD.

38 476 43 483 ·
103 457 175 492 ead.
189 453 214 491 l.
233 467 262 501 ς.
277 453 495 505 Διόφαντον)
507 452 628 492 Cicer.
641 453 679 490 in
690 452 812 491 Bruto
827 466 861 504 p.
874 465 924 490 m.
940 464 984 490 21
999 465 1012 503 ς
1030 451 1076 491 C.
1091 452 1306 505 Diophanis

35 507 218 545 -meminit
229 506 506 557 Mitylenaeni,
531 506 716 546 Graeciae
730 505 799 544 illis
821 505 1056 556 temporibus
1077 506 1305 547 disertissimi.

0 582 7 591 -
38 559 374 599 Lacedaemonius
389 561 568 612 antiquus
583 558 755 610 scriptor.
772 559 916 610 LLoyd.
941 556 1098 597 SOLAN.

0 638 7 646 -
36 631 41 637 ·
101 614 204 652 ead.l.
221 613 256 651 8.
269 612 444 664 Ἐξάρχει
456 611 613 664 τεῦ,3ρ.)
628 612 768 650 Narrat
779 612 910 651 eadem
928 611 972 649 de
982 611 1115 651 Lufi'u.
1131 613 1304 653 BOURD.

0 689 6 702 .
25 666 26 670 ’
47 665 210 705 Protulit
225 665 316 705 Des.
326 666 477 705 Herald.
490 666 535 704 ad
547 664 776 709 Martia1.11,
791 665 857 716 Ep.
874 679 888 703 1
901 679 931 703 1.
949 665 1047 703 Mox
1059 663 1242 706 θάπτωσι
1254 683 1306 716 με

0 744 6 757 .
35 720 148 759 -unde
166 718 343 772 Cuperus
355 718 565 772 expiscatus
585 718 695 757 fuerit
716 718 760 757 de
785 717 974 770 sepultura
997 731 1063 769 per
1086 720 1210 771 ignem
1232 721 1306 759 elle

0 805 6 816 .
35 773 269 824 ¹capiendum
284 802 294 820 ‚
315 773 490 825 ignorare
503 785 564 811 me
583 771 727 811 fateor:
743 784 832 810 eum
847 773 932 811 vide
943 770 1035 810 Obs.
1051 772 1112 810 lib.
1129 772 1170 818 Ι,
1188 787 1225 825 p.
1241 774 1304 822 48.

32 827 210 866 ..l-Imm.

0 915 3 926 .
35 904 41 909 -
100 882 174 918 ead.
189 880 213 918 l.
230 893 287 918 11.
301 878 465 932 Ὀλίγον)
489 876 548 917 Sic
565 877 678 930 lego,
704 887 747 917 ut
770 876 872 916 Dial.
891 876 1039 924 XXIII,
1060 891 1132 930 pro
1149 879 1303 931 ὀλίγων,

0 954 1 961 ι
43 933 152 985 quod
169 933 208 971 in
223 932 407 984 plerisque
420 932 483 970 est.
495 931 613 970 Βεέὶε
628 942 755 970 tamen
770 932 814 969 P.
832 931 871 970 δι
887 933 927 969 S.
950 931 1109 971 SOLAN.

0 1014 1 1023 ,
100 986 190 1038 Pag.
212 987 295 1025 166.
309 987 332 1023 l.
348 1000 381 1024 2.
404 985 577 1038 Πάντως)
601 984 651 1025 G.
665 984 764 1025 Con.
778 984 817 1024 &
829 984 869 1024 P.
887 995 930 1023 ut
941 983 1044 1024 Dial.
1058 984 1148 1025 XV.
1160 985 1205 1025 In
1218 986 1303 1025 reli·

47 1040 132 1092 quis
151 1038 260 1078 deest.
283 1038 440 1078 SOLAN.

18 1095 19 1101 ’
99 1093 178 1131 ibid.
190 1090 426 1132 Δικοισὲιιῖνοιι
439 1087 582 1144 θεύσει)
596 1092 746 1131 Vocem
759 1103 873 1130 unam
887 1090 986 1129 addit
999 1089 1071 1131 Ms.
1081 1092 1235 1132 πάντως
1248 1093 1305 1132 δι-

38 1144 236 1185 oraverim:
253 1142 390 1186 &iio-21.
406 1146 557 1184 ’πάντως
579 1145 697 1197 vulgo
712 1144 823 1184 deest.
851 1144 1024 1185 GRAEV.

99 1202 170 1238 ead.
179 1200 203 1237 l.
218 1212 233 1238 1
246 1213 276 1238 1.
288 1199 476 1252 Μοίριχον)
490 1198 518 1236 F
522 1198 596 1238 ieta
616 1199 731 1237 credo
744 1198 836 1237 haec
850 1200 1017 1238 nomina.
1042 1198 1199 1238 SOLAN.

34 1277 40 1282 ·
97 1255 170 1292 ead.
187 1254 212 1292 l.
229 1266 286 1305 13.
300 1253 480 1291 Hmt'smoc
502 1253 565 1290 no.)
579 1248 691 1291 αὔτὺς
705 1250 771 1304 ὢν)
788 1250 985 1304 Perperam
1006 1253 1043 1290 in
1058 1253 1212 1301 Aldina,
1227 1252 1307 1293 Sal-

30 1305 223 1345 'murienfi
237 1306 276 1345 δι
290 1305 369 1344 aliis
382 1305 626 1354 editionibus,
639 1317 903 1358 praeterquam
918 1306 953 1344 in
970 1305 1204 1354 Florentina,
1221 1307 1305 1359 post

39 1360 225 1400 voculam
247 1359 293 1398 ὢν
318 1361 473 1412 ponitur
495 1359 641 1411 signum
663 1360 975 1411 interrogationis
993 1358 1210 1408 Graecum3
1236 1373 1305 1400 eo-

38 1426 120 1466 que
143 1414 324 1466 deceptus
342 1413 414 1452 fuit
427 1414 621 1465 interpres.
645 1413 700 1452 At
716 1425 794 1451 non
808 1414 1016 1465 interrogat
1025 1412 1181 1460 Crates,
1201 1425 1242 1452 ut
1261 1416 1304 1454 &

13 1484 14 1489 ¹
40 1467 134 1506 nihil
148 1467 348 1520 respondet
365 1466 573 1518 Diogenes.
599 1466 713 1517 Quin
728 1465 756 1505 fi
770 1467 862 1505 haec
875 1479 942 1519 per
963 1469 1304 1520 interrogationem

40 1521 139 1562 dieta
153 1520 283 1569 essent,
294 1519 439 1574 fignum
456 1520 552 1560 istud
565 1521 602 1559 in
617 1520 692 1559 fine
706 1521 891 1560 orationis
904 1519 1003 1560 foret
1016 1521 1298 1561 collocandum.

43 1574 153 1614 Irus.

97 1630 171 1666 ead.
187 1629 210 1667 l.
227 1642 285 1677 14.
297 1630 342 1666 Tb
355 1625 564 1680 Ὅμηρικὶν)
575 1627 794 1680 Legendum
809 1626 848 1667 ὃς
862 1638 949 1667 ante
961 1628 1016 1667 τό.
1031 1627 1146 1668 Certe
1156 1629 1301 1668 medica

43 1694 164 1721 manu
178 1692 265 1734 eget
277 1682 387 1721 locus
399 1682 459 1721 hic
471 1681 805 1734 depravatiffirnus.
823 1681 979 1720 SOLAN.

42 1760 47 1766 ·
97 1738 170 1774 ead.
181 1738 205 1775 l.
219 1749 233 1774 1
246 1735 325 1789 5.'¹H
336 1737 379 1786 μ’
391 1735 540 1785 ἀνάειρ’,
556 1736 574 1775 ἦ
587 1736 663 1787 ἐγώ
678 1735 736 1787 σε)
749 1735 843 1774 Sunt
853 1736 984 1775 Aiacis
995 1734 1115 1775 verba
1130 1735 1177 1774 ad
1187 1733 1303 1787 Ulys-

43 1788 119 1829 sem
140 1790 408 1831 colluctantem
423 1789 530 1835 Im»,
542 1803 580 1829 v.
595 1803 685 1837 724.
703 1789 880 1829 GRAEv.

96 1843 131 1882 in
140 1845 253 1882 Schol.
266 1844 328 1882 col.
349 1857 375 1881 ι.
393 1844 417 1881 l.
431 1841 514 1890 4.Ἢ
527 1842 703 1893 κουφίζω)
718 1843 775 1881 Sic
788 1844 845 1881 ed.
856 1843 905 1882 A.
917 1842 1082 1891 Κουφίσω
1094 1842 1300 1895 utrobique

40 1896 86 1935 &
98 1898 308 1948 προκομίσω
323 1895 516 1949 scripserat
527 1896 700 1935 Solanus.
721 1897 779 1935 Eo
790 1895 861 1935 usu
874 1896 996 1949 posita
1005 1896 1091 1935 sunt
1102 1896 1196 1935 haec
1212 1910 1301 1936 ver-

41 1950 113 1995 ba,
127 1963 241 2001 quem
256 1950 294 1988 in
307 1951 518 1989 recentiore
530 1949 767 1990 Graecorum
784 1949 922 1989 habent
937 1951 1080 2002 lingua.
1105 1951 1269 1989 HEMST.

94 2004 175 2042 ibid.
189 2005 255 2043 col.
277 2018 313 2042 2.-
332 2004 356 2041 l.
379 2017 409 2042 1.
436 2004 657 2055 Ἀρισταίου)
678 2004 719 2043 L.
738 2004 935 2055 Ἀριστέου.
963 2004 1035 2044 Sed
1059 2014 1186 2044 tamen
1210 2006 1302 2056 Ἀρι-

12 2093 27 2109 .-
43 2057 178 2096 σταίου
195 2057 247 2096 est
260 2058 371 2096 etiam
390 2058 429 2095 in
441 2057 489 2096 C.
511 2057 667 2096 SOLAN.

41 2147 46 2152 .
98 2111 187 2164 Pag.
204 2112 290 2159 167.
304 2112 326 2149 Ι.
340 2111 375 2150 6.
389 2110 434 2149 Οἱ
449 2111 601 2159 μάντεις
616 2125 691 2150 ειτε
705 2110 782 2150 ἀπὸ
799 2110 868 2150 τῶν
881 2109 1022 2161 ἄστρων
1036 2110 1130 2163 δῖε.)
1145 2110 1181 2150 Si
1196 2123 1301 2150 com-

42 2164 201 2205 modum
221 2165 396 2203 videatur
409 2164 498 2203 illud
511 2167 606 2212 ειτε,
628 2177 698 2203 cur
712 2177 791 2203 non
810 2165 926 2204 tertio
938 2177 1094 2217 quoque
1113 2165 1203 2204 loco
1224 2166 1300 2204 ειτε

43 2217 250 2258 Χαλδαίων
261 2217 417 2258 ‘neewer-
433 2231 518 2256 nam
530 2216 632 2270 ὅσγε
644 2218 768 2258 nescio
788 2231 836 2256 an
854 2218 962 2266 alios,
975 2231 1036 2257 me
1052 2219 1205 2271 quidem
1219 2230 1301 2258 non

41 2271 286 2311 mediocriter
297 2271 479 2319 offendit3
498 2270 680 2324 quorsum
693 2272 792 2311 enim
811 2271 953 2325 spectat
964 2302 974 2318 ,
998 2283 1067 2311 aut
1082 2285 1195 2323 quem
1213 2271 1302 2310 sen-

42 2324 125 2364 sum
139 2325 281 2371 reddit,
304 2326 480 2377 impedita
503 2325 689 2365 stru&ura
701 2356 713 2371 ,
733 2325 1021 2379 quodammodo
1040 2326 1302 2365 tolerabilem?

45 2377 178 2418 Priore
189 2379 282 2419 loco
306 2376 382 2418 οἵτε
400 2378 551 2418 Iuntina
564 2378 746 2431 praefert:
769 2381 844 2420 hoc
860 2379 979 2432 ipsum
1000 2380 1037 2418 in
1056 2379 1301 2431 sequentibus

41 2432 159 2471 etiam
174 2431 353 2473 adscitum
365 2433 516 2473 cursum
529 2434 716 2473 orationis
726 2434 981 2486 interruptum
996 2434 1182 2485 expediet,
1196 2432 1257 2470 καὶ
1271 2432 1299 2469 οἱ

40 2484 197 2536 μάντεις
215 2484 292 2528 οἵτε
309 2487 392 2526 ,ἀπὸ
405 2486 478 2528 τῶν
496 2485 536 2528 ἄ.
552 2501 588 2527 τ.
599 2488 643 2527 τὶ
654 2501 697 2539 μ.
711 2484 789 2528 οἵτε
805 2487 844 2527 ἐι.
858 2486 930 2528 τῶν
939 2488 966 2526 ὂ.
981 2486 1057 2528 οἵτε
1073 2492 1114 2529 X.
1129 2501 1173 2526 π.
1194 2485 1301 2525 ἀλλὰ
