1748 3420
153 213 242 260 IN
289 209 728 259 DIALOGos
773 210 1163 262 MARINos.
1207 221 1303 280 349

6 313 198 354 mutato,
214 302 310 344 αὑτὴ
330 302 406 345 :sest
429 305 568 344 πηκτὶς
588 304 650 344 σἰὀι
670 304 810 366 upotvot'ov
825 304 976 353 ἐλάφου·
991 306 1126 358 quod
1117 316 1304 359 interpre-

9 364 145 410 ‘'tatur‘,
168 359 243 411 ipsa
259 360 338 412 lyra
345 358 558 410 sblummodo
575 370 649 397 erat
669 359 820 397 cranium
836 360 932 397 cervi.
948 359 1099 398 Vellem
1115 359 1204 399 hinc
1221 373 1307 399 ma·

25 425 120 452 num
133 413 193 452 vir
212 413 390 464 egregius
402 412 658 451 abstinuisset:
678 411 741 450 diu
765 412 875 451 nobis
897 413 968 450 erit
987 412 1304 465 exspectandum,

8 465 173 505 interea
184 466 273 505 dum
287 466 522 505 locutionem
540 465 611 505 esse
624 464 813 505 Graecam
832 466 993 517 probet;
1014 478 1062 504 ne
1081 467 1224 512 dicam,
1239 481 1307 528 pa.

14 532 115 559 rum
139 520 330 559 concinne
352 519 535 558 voculam
550 549 560 566 ,
576 530 675 579 quae
698 519 852 571 propria
868 518 912 557 fit
934 519 1081 571 poe'tis,
1101 521 1138 558 in
1159 522 1304 560 oratio·-

15 585 116 612 -nem
128 572 277 626 prolam
291 573 443 611 intrudi.
459 571 592 618 ReCle,
607 565 714 624 quod
727 571 767 610 δι
779 571 875 632 ipse
868 585 941 610 iam
957 573 1098 623 pridem
1113 585 1138 610 v
1141 573 1302 622 iderant,

27 625 170 665 docliss'.
194 625 359 665 Solanus
379 625 457 665 sola
480 625 715 664 distinctione
741 626 916 664 nativum
947 625 1037 664 huic
1058 625 1148 664 loco
1167 626 1300 666 lumen

14 680 199 718 reddidit.
213 679 331 732 Apud
348 679 598 718 Theocritum
616 679 658 718 δι
672 678 936 718 philostratum
957 677 1080 717 fistula
1105 679 1283 731 canitCy
1286 702 1303 711 -

30 733 160 785 elops:
178 732 305 780 Naso,
321 733 502 785 Sumtaque
519 732 743 772 arundinibus
764 736 933 786 compaffla
956 734 999 784 est
1008 732 1128 785 fistula
1150 746 1303 774 centum.-

28 799 77 826 ne
91 786 227 826 teilicet
243 787 288 825 ad
307 788 481 839 corporis
497 785 698 824 modulum
723 786 861 838 longus
880 785 1094 825 iunciarum
1116 796 1176 824 tot
1190 799 1304 825 arun-

30 841 159 879 dinum
182 841 279 879 ordo
295 852 373 878 non
389 839 652 891 responderet,
668 839 806 892 quibus
829 850 957 878 tamen
977 839 1005 877 st
1023 839 1086 877 vel
1100 839 1304 879 mediocri·

27 904 86 933 ter
102 893 233 933 ludere
253 893 364 932 scivit
384 892 676 945 Polyphemus,
701 892 886 932 artificem
910 905 998 931 eum
1022 892 1194 931 habuero
1218 906 1304 933 non

28 947 241 999 vulgarem.
258 946 451 986 Citharam
471 947 558 985 huic
574 945 746 985 monstro
761 947 963 985 tradiderat
976 945 1225 992 Philoxenus,
1243 957 1303 985 te-

27 999 82 1039 ste
98 1000 224 1040 Schol.
238 1000 433 1053 Aristoph.
455 1000 500 1039 ad
515 999 567 1039 Pl.
582 1013 620 1039 v.
644 1013 719 1051 290
732 1031 743 1049 ,
763 998 972 1039 istiusmodi
993 997 1120 1046 forte,
1144 999 1302 1053 qualem

28 1053 92 1094 hic
107 1055 232 1094 irridet
249 1055 449 1094 Lucianus.
466 1054 632 1092 HEMST.

84 1111 160 1147 ead·
177 1109 203 1147 l.
222 1121 279 1156 14.
294 1106 475 1159 Κὸλλονπι)
491 1107 534 1146 Id
547 1107 622 1154 est,
640 1107 820 1146 clavicula.
839 1106 1007 1147 GUYET.

86 1165 161 1201 ead.
177 1163 202 1200 l.
220 1176 235 1200 1
249 1162 405 1214 ς.”Αλλο
418 1160 456 1199 δ’
468 1158 486 1201 ἦ
500 1160 593 1213 λύρα,
608 1157 695 1213 ὑπ.)
710 1161 762 1199 V.
778 1160 919 1201 Anacr.
934 1161 1010 1200 Od.
1027 1160 1054 1199 Ι.
1072 1159 1231 1201 SOLAN.

84 1216 175 1269 Pag.
191 1229 255 1268 93.
270 1215 294 1253 l.
310 1216 346 1254 6.
358 1214 618 1266 Αθυρμέιτιον’
603 1216 738 1266 σι’ρκτου
751 1213 960 1268 σκύλακα)
979 1215 1067 1255 vid.
1088 1215 1189 1254 Paul.
1203 1215 1304 1255 Leo·

30 1269 136 1322 pard.
151 1269 303 1308 Emend.
320 1268 379 1316 II,
394 1281 427 1308 c.
446 1269 481 1307 6.
495 1266 706 1318 Ἀθυρματι
722 1280 800 1306 non
811 1279 958 1307 tantum
973 1269 1089 1309 catuli
1107 1269 1303 1315 Melitaei,

32 1333 149 1375 atque
167 1323 250 1362 eius
261 1323 409 1375 generis
424 1321 604 1360 animalia
626 1321 895 1361 oblectamenti
908 1322 1019 1362 causa
1033 1323 1224 1362 delicatius
1237 1324 1306 1362 ha·

32 1376 137 1426 bita,
156 1375 217 1416 sed
231 1376 272 1415 ὅ(
287 1375 464 1415 Deorum
479 1374 703 1426 ἀθύρματα,
722 1376 862 1428 quibus
875 1375 944 1415 fibi
959 1376 1187 1416 consecratis
1203 1377 1306 1416 dele-

31 1429 124 1470 &ari
137 1430 377 1482 putabantur.
390 1429 621 1481 Polyphemi
634 1427 797 1468 formam
808 1428 884 1468 urfi
896 1430 1093 1476 decebant,
1111 1430 1307 1471 ludicrum

33 1483 361 1532 venustiffimum;
384 1484 604 1535 ingenium,
628 1483 733 1534 quod
757 1495 824 1522 eos
847 1496 928 1522 non
949 1483 1039 1532 fibi,
1054 1483 1114 1522 sed
1128 1484 1306 1524 dominae

33 1537 217 1578 Galateae
233 1536 410 1577 servaret.
423 1536 542 1589 Apud
557 1537 755 1576 Theocrit.
776 1536 857 1576 Eid.
874 1537 951 1584 XI,
968 1551 1040 1587 41:
1061 1560 1105 1566 —
1123 1538 1239 1601 τρέφω
1259 1537 1309 1578 ‘Ie'

32 1606 90 1631 ‘tot
113 1588 254 1631 {vesana
277 1592 354 1642 νέβρ
358 1605 416 1639 ως,
434 1591 574 1629 Heio-as·
594 1591 809 1642 ἁμνοφόρως,
835 1590 898 1630 nou
925 1591 1093 1641 σκύμνως
1114 1594 1308 1643 τέσσαρας·

35 1644 189 1707 ἄρκτων.
205 1645 247 1684 In
269 1644 401 1684 Ov1d11
415 1645 573 1683 Metam
589 1644 706 1693 XIII,
724 1644 826 1697 834,
843 1657 1027 1706 perquam
1042 1644 1188 1684 facete.-
1205 1647 1307 1684 Inve-

34 1700 71 1738 ni
79 1700 243 1752 geminos,
261 1699 317 1751 qui
329 1713 433 1738 tecum
455 1699 562 1737 ludere
568 1697 658 1750 poff
642 1710 711 1745 nt
727 1696 922 1751 (expreffit
936 1697 1155 1751 ἀθύρματα)
1169 1699 1260 1737 Inter
1266 1698 1308 1750 se

30 1754 156 1805 fimiles
169 1753 232 1792 vix
249 1765 289 1792 ut
308 1752 494 1806 dignoscere
512 1753 813 1805 poffis,V1ll0fize
830 1753 987 1791 catulos
976 1767 1010 1790 ιιι
1020 1751 1165 1803 summis
1183 1754 1308 1791 monti-

32 1806 433 1859 busursae31nveni,&
452 1807 619 1851 dominae,
634 1806 720 1851 dixi,
734 1806 942 1856 servabimus
966 1806 1054 1859 istos.
1071 1806 1203 1845 Unum
1226 1806 1303 1847 urfi

35 1861 220 1907 catulum,
229 1874 344 1914 quem
356 1861 393 1899 in
406 1861 502 1899 ulnis
515 1859 646 1905 ferret,
659 1859 828 1899 sufficere
840 1862 991 1912 putavit
1001 1860 1203 1907 Lucianus‚
1214 1860 1306 1901 suos

37 1914 117 1955 fine
130 1915 249 1955 dubio
263 1914 415 1954 secutus
426 1914 613 1953 auctores.
629 1914 732 1953 Tum
750 1928 812 1952 ma
826 1914 953 1953 minus
964 1925 1187 1966 opportune
1203 1913 1307 1975 posi-

38 1979 141 2009 tum.
163 1968 357 2022 scripserat
379 1968 534 2014 Noster,
549 1969 658 2006 κατὰ
678 1983 721 2006 το
744 1967 872 2008 λάσιον
889 1969 965 2008 &c.
986 1967 1108 2020 Saepe
1122 1968 1254 2007 λάσιος
1269 1969 1311 2008 in

36 2022 114 2063 hoc
126 2023 278 2076 dialogo
288 2022 570 2086 Polyphemus,
592 2034 717 2083 neque
730 2021 911 2060 diffitetur
923 2021 1004 2077 ipse
1011 2023 1110 2074 apud
1123 2021 1311 2062 Theocri.

41 2087 150 2124 tum,
167 2077 208 2116 Αἰ
231 2077 279 2117 ὃέ
297 2091 354 2115 τοι
370 2072 485 2115 advos
500 2076 577 2129 ἐγω
600 2075 689 2115 ‘sone'
689 2091 714 2112 ω
735 2075 960 2127 λασιώτερος
981 2077 1077 2125 ἦμεν.
1097 2075 1211 2114 Illum
1233 2088 1310 2129 ego

37 2130 272 2171 versiculum
285 2130 332 2169 ab
347 2143 391 2169 ea
411 2128 517 2175 sede,
539 2142 654 2182 quam
675 2129 712 2168 in
731 2129 812 2168 edd.
834 2129 926 2168 mihi
940 2128 1072 2168 saltem
1091 2128 1180 2169 vifis
1193 2143 1316 2170 occu-

39 2195 120 2238 pat,
135 2184 368 2225 retractum
359 2184 576 2236 1mmigrare
588 2184 738 2222 iubeam
753 2181 839 2236 post
849 2182 1004 2222 versum
1023 2183 1176 2222 tertium
1190 2184 1231 2224 δι
1243 2184 1312 2222 tri-

41 2237 252 2291 gefimum‚
265 2238 332 2278 ubi
347 2238 482 2278 melius
500 2236 706 2277 sententiae
720 2236 875 2276 serviat:
897 2250 984 2275 nam
1001 2250 1083 2289 quo
1098 2238 1188 2276 loco
1204 2250 1310 2278 nunc

41 2292 184 2339 haeret,
194 2292 374 2332 viciniam
387 2291 498 2344 plane
508 2291 726 2331 conturbat.
736 2290 780 2329 In
789 2290 1001 2330 Philostrati
1012 2290 1191 2344 Cyclope
1201 2291 1310 2332 Icon.

41 2345 101 2394 11,
117 2359 150 2385 c.
171 2345 238 2394 18,
253 2345 371 2385 multa
384 2345 470 2384 sunt
481 2344 627 2384 fimilia.
641 2345 764 2397 Prope
776 2343 892 2383 finem
904 2345 1129 2398 dialogicur
1143 2357 1237 2394 non,
1256 2360 1312 2385 κι-

40 2399 178 2451 νάβρας
192 2376 382 2463 segregant,
369 2395 495 2450 cbo-ors?
512 2397 541 2437 οἱ
554 2399 712 2452 τράγον,
731 2399 894 2437 HEMST.

107 2450 207 2491 ibid.
207 2447 352 2501 Αρκτου
368 2451 574 2506 σκύλακα)
596 2452 693 2492 Vide
714 2452 875 2491 omnino
889 2452 1142 2492 Theocritum
1164 2451 1214 2492 Id.
1231 2451 1312 2499 XI,

28 2519 112 2556 41.
130 2506 202 2547 Sed
215 2507 255 2547 δι
278 2517 405 2548 totum
419 2506 574 2561 perlege
588 2505 890 2548 venustissimum
904 2507 1144 2561 poematium
1159 2507 1234 2547 huc
1249 2519 1316 2561 ap-
