1748 3420
465 209 559 264 462
658 205 1527 258 ANNOTATIONES

465 291 561 331 καὶὸ
581 291 709 332 Πύθιος
722 291 836 334 aii-the
856 294 1026 346 παρεῖχε
1039 295 1113 335 &c.
1134 296 1290 335 Mecum
1311 297 1400 336 facit
1417 298 1470 337 H.
1486 297 1659 340 Valesius
1670 299 1718 340 ad
1743 284 1748 332 l

460 346 529 385 ista
540 346 754 386 Marcellini
772 348 882 386 XXV
891 347 962 394 lll,
985 362 1019 401 p.
1049 350 1138 401 581,
1160 349 1335 402 Iisdemque
1352 350 1570 402 subseruntur
1582 355 1716 403 genitas
1745 350 1748 368 ¹

461 401 545 438 lium
559 412 708 439 extorum
718 401 907 452 interpretes
916 404 1132 452 controversi,
1145 403 1224 442 hinc
1232 402 1455 454 praeftcluras
1461 404 1630 457 profhfius
1642 408 1715 445 lar·
1744 418 1748 456 ξ

457 455 586 506 gientes
600 454 634 492 ὃ·
640 454 836 505 sepulturas
850 455 988 493 divitum
1002 467 1228 494 matronarum
1239 486 1253 502 ‚
1275 456 1376 496 hunc
1397 459 1435 495 in
1458 458 1614 497 modum
1630 460 1717 500 scri·
1745 497 1748 512 ‚

459 507 573 545 bens:
595 507 710 547 Simile
727 510 792 561 est,
811 511 902 560 quod
916 522 1033 546 narrat
1045 509 1186 547 Lucian.
1202 510 1237 548 in
1257 511 1360 548 Dial.
1378 512 1486 550 Mort.
1500 527 1574 550 cum
1587 515 1720 552 Moeri·

459 561 546 598 chus
561 560 595 598 ὃ·
612 562 762 612 Aristeas
779 562 843 598 viri
864 561 1007 610 ditiffimi
1015 563 1053 613 Je
1067 574 1184 601 mutuo
1202 576 1386 614 captarent,
1398 579 1438 602 ac
1449 563 1490 614 ft
1505 565 1642 617 vicffm
1657 568 1715 606 lte-
1745 579 1748 610 ξ

461 616 552 651 redes
571 614 780 668 instituiffent
794 615 911 666 palam
920 615 1056 668 scriptis
1073 617 1289 668 testamentis,
1311 630 1405 654 vates
1419 617 1453 655 δ’
1470 618 1666 670 Αβνὸῖοςοε
1680 621 1716 659 G·
1746 634 1748 642 ·

455 667 664 719 somniorum
682 669 868 720 interpretes
883 669 917 707 δ’
931 669 1128 716 Chaldaeos,
1145 671 1338 721 Apollinem
1353 685 1479 722 quoque
1489 671 1658 724 Pythium
1667 675 1713 712 ab

459 733 597 773 utroque
608 722 793 772 consultum
801 725 898 761 modo
909 722 1000 768 huic,
1013 724 1108 761 modo
1118 722 1167 760 illi
1179 724 1391 762 obventurum
1404 726 1610 764 hereditatem
1616 741 1716 779 prae-
1746 745 1748 753 ·

459 775 603 826 dixiffe:
624 788 722 828 quae
742 775 790 813 ita
804 774 889 814 sunt
899 787 1141 828 comparata,
1157 775 1342 822 uffacile,
1357 778 1508 829 qualem
1522 779 1652 819 animo
1663 781 1717 820 le-

457 827 625 867 &ionem
640 826 752 868 fuerit
773 827 947 874 secutus,
967 828 1176 868 ostendant.
1202 829 1320 881 Saepe
1340 842 1466 869 autem
1488 829 1718 874 fraudulenti

459 892 586 927 vates,
599 883 742 935 quibus
753 893 801 920 ex
811 881 873 934 spe
888 882 982 922 lucri
995 880 1214 922 futurorum
1228 883 1434 935 praedifflo
1471 885 1646 934 cudebat,
1658 888 1717 926 in-

452 934 554 974 sidiis
574 935 1194 976 testamentariisinterveniebant:
1215 938 1388 990 egregius
1406 949 1428 977 e
1477 935 1586 978 Plinii
1606 939 1716 981 locus

457 987 476 1026 1
496 988 564 1041 Ep.
581 1002 642 1029 20.
664 990 828 1028 Hfflsr.
1584 1012 1593 1022 -

512 1044 585 1080 ead.
601 1043 625 1081 l.
636 1042 672 1082 8.
689 1040 894 1082 Χαλδαίων
907 1042 1069 1095 monisse)
1083 1041 1144 1082 Sic
1157 1043 1349 1095 Necyom.
1360 1057 1394 1084 c.
1407 1045 1444 1084 6.
1457 1045 1604 1099 Eunap.
1617 1045 1717 1087 Aed.

449 1093 631 1135 Bonan.

514 1151 587 1186 ead.
601 1150 622 1187 l.
646 1162 682 1199 9.
703 1147 886 1201 Ἀριστεῖ)
910 1149 1053 1188 Mirum
1077 1162 1145 1188 cur
1165 1149 1336 1200 Ἀριστεῖ,
1354 1164 1440 1191 cum
1464 1151 1598 1191 dixerit
1620 1152 1715 1203 Ἀρι-

457 1201 585 1240 στεέιν.
598 1203 768 1241 BOURD.
783 1203 947 1241 Miratur
955 1203 1240 1252 Bourdeiotius‚
1252 1217 1320 1243 cur
1333 1204 1493 1256 Ἀριστεῑ
1501 1206 1612 1252 dicat,
1624 1218 1715 1247 cum

457 1254 649 1304 Ἀριστέαν
664 1256 883 1307 appellarit;
899 1255 937 1294 δι
954 1257 1091 1295 merito
1106 1259 1276 1296 miratur.
1289 1257 1358 1297 Ms.
1370 1257 1543 1305 ostendit,
1554 1259 1630 1299 hoc
1645 1273 1715 1300 vo-

458 1309 638 1347 cabulum
662 1309 735 1348 effe
750 1309 928 1348 mendose
943 1311 980 1347 in
995 1311 1102 1349 editis
1116 1323 1313 1350 exaratum
1327 1343 1337 1360 ,
1357 1325 1446 1352 cum
1468 1325 1539 1364 pro
1559 1312 1721 1364 Ἀριστσῒ

455 1360 579 1401 scribit
591 1363 774 1414 Ἀριστέᾳ,
789 1375 831 1401 ut
845 1363 1078 1402 scribendum
1094 1363 1156 1402 est.
1173 1363 1347 1404 GRAtv.
1361 1364 1548 1418 Ἀριστέᾳ)
1562 1365 1618 1406 Ex
1628 1366 1714 1407 MS.

456 1416 526 1454 Gr.
540 1416 580 1455 &
593 1417 635 1455 L.
650 1417 859 1456 editionum
873 1416 1049 1455 mendum
1066 1415 1405 1471 sustulimus,quae
1416 1432 1550 1459 omnes
1564 1432 1714 1472 praeter

453 1469 631 1521 stephan.
654 1469 786 1522 legunt
805 1470 972 1522 Ἀριστεῑ.
993 1471 1091 1510 Vide
1114 1482 1262 1518 tamen,
1281 1485 1328 1511 an
1353 1485 1432 1512 non
1451 1473 1642 1513 Lucianus
1663 1475 1711 1514 de

453 1523 607 1563 Aristeo
623 1524 756 1576 aliquo
772 1524 975 1564 Corinthio
994 1524 1195 1577 loquatur:
1221 1526 1347 1577 plures
1358 1527 1458 1566 enim
1475 1527 1612 1566 Aristei
1628 1526 1712 1568 Co·

453 1577 584 1615 rinthii
599 1578 974 1629 apudThucydidem
988 1590 1210 1625 occurrunt,
1220 1579 1385 1619 Aristeas
1399 1580 1538 1621 nullus.
1550 1580 1708 1621 SOLAN.

451 1630 638 1683 Ἀριστεῖ)
662 1632 716 1671 Ut
733 1632 906 1682 Ἀριστέᾳ.
920 1643 1143 1684 reponatur,
1164 1633 1253 1685 quia
1270 1634 1459 1685 Ἀριστέας
1483 1645 1570 1674 ante
1589 1635 1710 1676 dietus

452 1683 588 1732 fuerit,
609 1698 749 1737 magno
768 1698 887 1737 opere
900 1686 1139 1725 contendunt
1165 1687 1280 1726 nostri
1298 1686 1658 1734 commentatores,
1683 1701 1709 1728 a

451 1750 618 1789 quorum
635 1738 814 1778 sententia
825 1739 936 1778 valde
951 1737 1091 1779 diffidet
1103 1739 1230 1792 Steph.
1242 1741 1458 1793 Bergletus,
1467 1742 1604 1794 dignus
1619 1755 1710 1795 pro-

451 1803 535 1843 pter
553 1793 728 1844 peritiam
740 1792 974 1832 Graecarum
985 1793 1178 1833 literarum
1198 1806 1277 1833 non
1291 1795 1489 1848 vulgarem
1502 1825 1515 1840 ‚
1535 1797 1646 1836 cuius
1668 1798 1709 1836 in

450 1846 522 1883 hac
537 1845 646 1885 causa
661 1847 757 1886 ratio
772 1847 965 1886 habeatur.
983 1847 1046 1885 Ad
1059 1846 1230 1900 Alciphr.
1244 1848 1262 1887 I
1274 1848 1339 1901 Ep.
1356 1863 1391 1895 1,
1404 1848 1471 1888 ubi
1483 1849 1661 1901 leguntur
1675 1850 1711 1890 οἱ

449 1898 565 1950 βαρεῖς
579 1899 671 1940 haec
679 1912 805 1940 notat:
824 1901 893 1939 Pro
907 1899 937 1938 οἱ
944 1900 1076 1952 βορέεω,
1088 1904 1186 1953 quasi
1196 1917 1219 1940 a
1231 1901 1352 1954 βορεὺς
1361 1916 1422 1953 per
1431 1903 1682 1954 metaplasmum
1691 1919 1708 1951 ,·

449 1964 490 1990 ut
503 1953 538 1990 6·
558 1954 694 1993 Aratus
708 1954 854 2004 ἀνέμοιο
878 1953 1001 2004 &optior
1015 1960 1120 1993 Διοσ.
1135 1969 1173 1993 v.
1189 1969 1276 2008 351.
1296 1957 1356 1994 Sic
1364 1956 1541 1995 Lucianus
1553 1958 1589 1996 in
1602 1957 1710 1998 Dial.

449 2008 547 2045 Crat.
558 2007 594 2045 6³
607 2008 715 2061 Diog.
726 2006 1076 2059 ’Apacrefformaviss
1088 2023 1160 2048 eum
1169 2010 1360 2055 nominans,
1367 2011 1425 2062 qui
1432 2025 1499 2049 non
1507 2011 1707 2062 Ἀριστεὺς,

449 2076 562 2099 verum
576 2060 765 2112 Ἀριστέας
775 2063 973 2106 vocabatur,
986 2062 1120 2113 fidlzoc
1133 2064 1280 2114 nonfine
1293 2064 1452 2115 allusione
1462 2066 1511 2102 ad
1520 2065 1706 2115 ἀριστεύς.

446 2114 555 2153 lllam
570 2114 792 2155 allusionem
806 2145 818 2162 ‚
840 2115 940 2154 haud
959 2115 1110 2168 quidem
1126 2116 1285 2156 alienam
1296 2147 1308 2162 ,
1327 2116 1394 2156 etfi
1410 2131 1489 2157 non
1507 2117 1706 2170 praestem,

446 2169 582 2207 ceteris
595 2179 723 2208 tamen
742 2182 824 2208 non
847 2169 991 2208 invitus
1010 2171 1167 2210 accedo:
1192 2170 1245 2210 est
1260 2171 1361 2209 enim
1376 2172 1463 2210 talis
1482 2173 1705 2219 nominum,

445 2221 661 2274 praesertim
674 2223 938 2276 propriorum,
949 2221 1096 2263 formae
1108 2225 1269 2263 mutatio
1285 2225 1508 2278 neutiquam
1527 2223 1705 2273 insolens,

446 2275 489 2314 &
502 2275 704 2328 aliquando
716 2288 858 2316 temere
871 2276 918 2316 ab
930 2277 1084 2316 eruditis
1091 2278 1188 2317 viris
1199 2287 1354 2317 tentata.
1368 2278 1500 2330 Quem
1510 2278 1707 2320 Μελάνθιον

447 2329 644 2369 Homerus
659 2330 884 2384 plerumque
895 2330 1074 2383 appellat,
1088 2332 1186 2371 idem
1201 2331 1403 2372 Μελανθεὺς
1411 2332 1488 2373 od.
1499 2337 1547 2378 T,
1557 2346 1603 2381 25
1614 2345 1646 2384 ς,
1657 2337 1705 2380 Φ,

449 2382 536 2431 176.
558 2383 743 2432 Ἀμοιβεὺς
759 2385 799 2423 &
812 2385 1005 2434 Ἀμοιβέως
1021 2397 1101 2424 non
1115 2384 1310 2433 differunt,
1330 2387 1435 2438 quod
1460 2385 1646 2439 posterius
1665 2387 1706 2425 in

445 2435 595 2475 Aeliani
608 2438 659 2478 V.
673 2438 722 2476 Η.
732 2438 803 2485 111,
815 2452 878 2491 30,
888 2449 1023 2478 contra
1030 2437 1264 2479 Schefferum
1277 2439 1378 2479 reete
1390 2439 1594 2479 defendunt
1603 2440 1707 2479 Kuh-

446 2490 531 2530 nius
541 2503 586 2531 ac
596 2490 830 2541 Perizonius,
842 2492 881 2532 δι
892 2492 1034 2532 dudum
1047 2505 1135 2533 ante
1143 2505 1351 2546 utrumque
1361 2494 1391 2534 1.
1400 2493 1461 2535 Fr.
1471 2493 1706 2535 Gronovius
