1748 3420
22 413 40 460 i)

16 1248 18 1252 ι
54 1200 347 1266 σακκαῤῥαφιον.
377 1201 437 1239 Sic
462 1199 716 1252 posteriorum
746 1210 966 1251 temporum

140 198 220 242 IN
256 194 650 242 DIALOGOS
702 194 1206 246 MORTL'ORUM
1241 207 1339 264 413

23 287 128 341 Sed
139 287 406 333 καταβάλλειν
418 287 571 332 &tzomv’
554 287 753 338 ακεστραν
762 288 903 338 pendere
910 288 1042 326 obolum
1049 303 1112 340 pro
1122 305 1202 335 acu,
1211 289 1334 330 Grae-

22 328 111 407 {Fcis
124 340 287 380 insolens
300 341 354 380 est
376 341 559 393 loquendi
573 353 714 393 genus,
730 341 796 392 qui
808 339 972 379 dicunt
957 356 1010 378 υπ
1014 340 1048 391 ὲς
1061 343 1252 394 ακέστρας
1266 359 1334 382 κα-

22 387 264 440 δ«ἴῖταβοίλλειν
283 394 420 440 ὀβολόν.
450 394 559 433 Olim
587 396 716 446 itaque
738 392 952 433 existimavi
977 394 1108 433 locum
1134 396 1236 435 hunc
1259 396 1333 437 effe

31 447 302 502 mendcium,
320 449 361 488 δι
377 447 588 509 Lucianum
603 445 783 499 scripfiffe
795 447 908 486 πέντε
921 447 1090 492 baoaofs'
1076 449 1153 501 εγὼ
1165 451 1334 489 κατέλα.

5 524 8 527 -
22 493 129 569 ἑβον,
150 512 218 541 aut
231 502 347 540 πέντε
362 501 510 547 ὄβολων·
525 501 669 553 quinque
681 501 851 539 drachmis
863 502 924 539 emi
937 516 1048 540 acum.
1067 503 1276 552 Λαμβανειν
1290 505 1331 544 &

22 550 372 605 καταλαμβάνειν
387 554 564 603 Graecis,
581 554 751 606 inprimis
762 552 1037 606 Aristophani,
1054 553 1138 607 saep
1142 568 1163 594 e
1179 556 1230 595 est
1248 574 1332 596 eme-

24 626 29 636 ¹
55 624 101 658 re,
115 623 333 662 comparare,
350 619 393 648 ut
406 609 508 661 apud
525 609 680 646 Latinos
691 608 834 659 sumere.
856 607 980 647 Cicer.
994 608 1074 646 VII
1089 609 1133 647 ad
1148 609 1252 648 Fam.
1268 624 1332 663 ep.

54 676 130 716 23:
153 665 207 701 Tu
218 674 330 700 autem
343 663 410 715 ign
402 678 485 700 zrus
504 663 644 714 instituti
656 662 717 700 mei
725 691 739 707 ,
751 661 869 714 quanti
882 675 940 714 ego
950 674 1056 712 genus
1071 677 1206 701 ommno
1210 666 1254 714 s
1247 677 1330 704 ero

23 764 25 766 ι
54 732 127 756 rum
137 717 283 756 omnium
295 731 363 754 non
378 716 524 768 aestimo,
537 716 623 754 tanti
633 716 694 769 ista
708 727 924 768 quatuoraut
937 717 1081 768 quinque
1091 715 1246 767 fitmssli.
1258 717 1333 756 Ibi-

21 767 30 781 ”
53 770 159 810 dem:
171 770 235 822 Est
242 770 322 808 milzi
331 772 560 822 gratiffi'mum,
570 771 658 807 tanti
666 785 688 807 a
698 782 728 807 te
741 770 948 820 aestimatam
959 768 1227 820 consuetudinem
1238 771 1329 809 vitae

55 823 223 876 viHusque
230 825 344 876 nostri,
353 824 499 875 primum
509 836 547 861 ut
556 839 629 862 eam
639 826 770 863 domum
774 822 933 873 sumeres
949 823 1088 861 Horat.
1108 825 1304 876 Quaepar1
1308 841 1328 864 ο

20 876 139 929 sumi
156 890 321 930 nequeunt
333 877 472 927 obfhnza
489 889 618 929 captas.
643 877 680 916 Si
695 877 779 929 quis
796 887 923 915 tamen
946 876 1175 924 contendat,
1193 889 1215 915 a
1231 878 1334 918 libris

54 932 219 984 antiquis
238 944 322 970 non
342 930 416 970 effe
437 931 713 992 recedendum,
737 943 816 970 non
831 929 943 969 valde
963 930 1214 982 repugnabo,
1237 930 1264 968 s1
1279 930 1331 970 fic

54 984 281 1037 distinguas:
303 985 490 1036 ἀκέστραν
505 979 596 1050 ὑπὲξ
613 982 678 1023 τοῦ
695 983 826 1032 ἱστίου,
844 984 958 1022 πέντε
970 984 1140 1050 ὂβρλους
1127 997 1174 1036 εγ
1182 1000 1207 1021 ω
1220 988 1331 1024 κατέ

51 1039 184 1085 βαλον,
197 1054 295 1078 acum
308 1041 357 1077 ad
370 1039 479 1076 velum
496 1037 544 1077 sc.
566 1037 773 1087 ὠνησάμην,
790 1037 865 1085 ενηὶ,
883 1037 1019 1089 quod'
1002 1053 1080 1076 απο
1100 1035 1216 1076 κοιιοῦ
1229 1051 1335 1090 repe-

53 1093 226 1140 tendum,
244 1093 386 1146 quinque
399 1093 512 1131 obolos
523 1106 582 1144 ego
592 1093 743 1145 pependi.
760 1091 969 1130 Ceterum
962 1103 1000 1129 in
1016 1091 1176 1144 antiquo
1196 1093 1331 1132 codice

54 1147 100 1186 ad
112 1159 254 1186 vocem
268 1147 454 1197 ἀκέστραν
465 1157 645 1198 tanquam
661 1145 869 1199 explicatio
882 1144 1067 1237 adscr‘pta
1083 1144 1135 1184 est
1149 1146 1333 1186 haecvox

1007 1210 1194 1252 criptores
1209 1213 1330 1240 voca-

53 1265 144 1294 runt
159 1254 361 1304 ἀκέστραν·
381 1265 424 1294 ut
444 1254 596 1293 notavit
610 1253 875 1306 Etymologici
892 1254 1020 1305 magni
1041 1254 1191 1301 audior,
1213 1268 1330 1306 quem

16 1349 19 1354 ,
54 1308 169 1347 vide
161 1321 200 1346 1n
213 1309 355 1359 ἀκέστρ
361 1323 398 1347 α.
410 1307 586 1348 GRAEV.
604 1310 672 1346 Και
687 1308 874 1370 ἀκέστραν
891 1321 1060 1357 υπεςτου
1043 1306 1210 1359 ἱστίου)
1227 1310 1333 1349 Haec

56 1361 202 1402 Thom.
217 1362 399 1413 Magister
413 1362 598 1414 protulit
591 1374 629 1400 in
643 1358 831 1402 Ἀκεστίις
842 1361 1130 1401 Βεηεάἰᾶὶυείτει
1142 1363 1270 1410 vertit
1281 1366 1335 1403 Et

53 1432 118 1470 pro
131 1431 196 1455 acu
207 1419 257 1455 ad
265 1415 506 1467 resarciendum
524 1417 634 1454 velum
658 1415 768 1468 (nam
783 1414 970 1466 Micyllus
986 1426 1133 1454 tantum
1156 1416 1311 1456 dederat
1321 1447 1331 1465 ,

52 1471 89 1509 δ’
102 1486 166 1523 pro
179 1470 384 1532 refizrcietzdo
396 1470 487 1523 velo)
500 1471 649 1533 quinque
655 1470 769 1509 obolos
788 1468 948 1520 exsole,·
972 1469 1076 1521 quasi
1093 1469 1165 1521 legi
1187 1485 1211 1509 v
1217 1470 1334 1510 oluis-

52 1523 130 1573 set,
149 1525 213 1563 καὶ
235 1521 328 1574 mre?
342 1525 531 1576 ἀκεστρας
548 1538 616 1562 του
638 1523 757 1563 ἱστίου
771 1523 885 1562 πέντε
901 1523 1045 1568 ὃζέολους
1065 1524 1140 1577 ἐγὼ
1163 1527 1333 1570 κατέβα,

53 1589 129 1618 λον
151 1578 254 1617 Nihil
266 1578 368 1617 aliud
384 1580 429 1617 ad
447 1579 550 1618 hunc
564 1578 693 1617 locum
708 1577 920 1617 iuvandum
936 1579 1134 1629 requiras,
1148 1591 1262 1631 quam
1279 1581 1332 1618 di-

53 1632 296 1672 stinctionem
313 1644 521 1679 mutatam,
538 1645 637 1685 quae
657 1630 803 1685 separet
819 1630 918 1670 male
931 1632 1163 1678 coniuncta
1187 1643 1229 1671 ut
1244 1643 1334 1672 tan-

14 1679 26 1739 j
53 1687 141 1726 dem
151 1686 431 1750 nequidquam
446 1698 591 1725 tentata
603 1684 866 1734 correctione,
881 1684 1077 1724 Graevius
1090 1686 1331 1726 animadver-

22 1781 26 1788 ,
52 1742 121 1780 tit:
147 1739 338 1792 ἀκέστραν
359 1741 514 1808 perinde
528 1741 666 1792 pendet
689 1739 737 1778 ab
759 1739 941 1788 ἐκόμισα,
968 1739 1032 1777 vel
1054 1737 1265 1790 ὠνησάμην,
1287 1754 1333 1782 ac

55 1807 152 1834 mox
167 1797 265 1846 κηρον
281 1795 346 1833 καὶ
362 1793 471 1837 ἥλους
488 1795 562 1834 &c.
582 1794 719 1846 Quare
731 1793 950 1832 Mercurius
962 1791 1041 1841 ista,
1055 1793 1171 1832 πέντε
1188 1795 1333 1839 assonant

55 1848 139 1901 ἐγὼ
154 1848 376 1898 κατέβαλον,
392 1848 571 1901 paulum'
564 1848 755 1887 incitatior
769 1847 908 1886 adiecit
923 1824 1133 1885 affirniandi
1149 1847 1273 1893 causa
1286 1861 1332 1888 ut

56 1903 216 1943 Charon
237 1903 390 1942 omittat
404 1903 450 1942 de
471 1902 545 1942 fide
566 1900 776 1954 sua,quas1
795 1901 945 1940 lucrum
969 1902 1089 1954 pretia
1109 1903 1331 1944 mentiendo

53 1967 207 2011 captet,
223 1957 437 2022 quidquam
449 1956 571 1996 secius
590 1954 780 2015 suspicari.
807 1956 968 1994 HEMST.

107 2012 183 2050 ead.
196 2011 221 2049 l.
237 2010 273 2050 8.
292 2013 399 2063 Knpov
415 2009 462 2050 ὣς
474 2011 610 2050 ἐπιπλ.
624 2024 688 2049 του
702 2024 764 2048 cn.
783 2010 836 2047 τα
852 2006 1067 2062 ἀνεῳγότα)
1091 2008 1231 2049 Ceram
1247 2011 1329 2064 pice

54 2073 331 2117 temperatam,
364 2078 464 2118 quae
486 2065 654 2104 navibus
668 2063 934 2111 mducebatur,
958 2076 1045 2102 cum
1069 2063 1253 2103 illustrant
1277 2065 1334 2105 Io.

55 2119 258 2160 Brodaeus
278 2117 386 2158 Misc.
408 2119 483 2167 IV,
497 2132 529 2159 c.
547 2133 590 2171 13
608 2148 620 2164 ,
645 2118 673 2156 I.
690 2117 750 2156 Fr.
769 2117 952 2157 Gronov.
969 2117 1013 2155 ad
1035 2117 1117 2157 Liv.
1132 2117 1331 2165 XXVIII,

57 2187 92 2214 c.
107 2185 173 2224 45,
187 2173 302 2212 huius
315 2173 431 2212 etiam
444 2173 520 2213 loci
535 2173 802 2211 meminerunt.
816 2172 903 2209 Μα)
907 2170 981 2216 θην,
995 2171 1041 2210 de
1054 2185 1130 2223 qua
1145 2171 1299 2212 Festus
1291 2186 1332 2212 ln

58 2228 231 2275 Malum,
249 2236 368 2267 vocat
381 2228 592 2280 Hipponax
609 2226 711 2278 apud
731 2226 921 2278 Harpocr.
937 2225 975 2263 in
991 2226 1054 2262 V.’
1054 2226 1215 2264 Ἔπειτα
1229 2229 1335 2277 μάλ.

54 2285 101 2330 δῃ
117 2295 183 2320 την
195 2279 327 2332 τρόπιν
339 2281 611 2333 παραχρίσας.
628 2280 717 2318 Vid.
735 2278 917 2319 Scheffer.
940 2279 1052 2317 deM.
1067 2279 1116 2318 N.
1137 2293 1173 2332 p
1185 2295 1252 2328 42,
1266 2296 1332 2333 43.

55 2321 201 2376 Thom.
216 2333 449 2400 Magisterin
462 2334 636 2387 Ἀνέῳγεν
647 2333 1144 2373 hisLucianiverbisutitur.
1158 2334 1325 2374 HEMST.

111 2391 186 2427 ead.
200 2389 225 2427 l.
237 2402 274 2440 9.
300 2388 371 2429 Tnv
393 2386 553 2441 ὑπέραν)
567 2388 717 2428 Omnes
738 2385 817 2427 fere
833 2386 1088 2427 Grammatici
1111 2386 1297 2426 similem
1290 2401 1329 2426 in

57 2442 245 2488 modum,
270 2441 446 2483 &recte
437 2453 748 2494 mterpretantur.
772 2441 892 2493 Quos
897 2441 1018 2492 funes,
1031 2442 1086 2493 qui
1104 2453 1269 2479 antennas
1283 2443 1331 2480 ad

59 2495 169 2535 malos
187 2497 416 2550 destinabant,
438 2495 577 2537 Caesar
601 2507 720 2539 vocat
733 2495 778 2536 de
791 2496 834 2536 B.
851 2494 903 2536 G.
920 2494 975 2534 111
989 2525 1001 2544 ‚
1022 2507 1054 2535 c.
1077 2508 1139 2543 14,
1159 2495 1332 2538 Graecus
