1748 3420
431 202 522 262 376
620 197 1494 244 ANNOTATIONES

427 287 539 325 deae:
565 286 598 325 ἐν
611 284 818 338 Χεῤῥονῆσῳ
839 286 889 335 'tii‘
902 286 1183 338 καταντιπέρας
1196 287 1351 333 Ἀβὺἒου
1365 287 1585 339 Xenophon
1606 299 1686 326 non

426 338 562 390 procul
576 340 686 379 initio
705 340 787 378 libri
803 341 916 393 primi
930 345 969 379 K.
985 343 1022 379 A.
1035 339 1156 379 Insula
1169 343 1348 392 primum,
1362 341 1491 393 postea
1511 339 1685 380 faucibus

427 391 593 443 angustis
604 393 788 432 Thraciae
799 393 1009 432 continenti
1022 393 1132 432 affixa
1140 393 1364 434 Chersonesi
1378 407 1518 433 nomen
1531 393 1682 432 habuit:
1744 424 1745 429 ,

427 443 554 484 Schol.
579 446 762 499 Apollon.
788 446 862 485 Rh.
885 447 929 485 ad
956 447 1050 498 Arg.
1071 446 1105 494 Ι,
1130 460 1218 499 925.
1241 445 1529 498 descriptionem
1548 445 1577 485 si
1599 447 1687 498 quis

427 497 608 538 desideret
619 531 629 546 ‚
651 498 918 538 exa-ftisfimam
931 500 1031 538 dabit
1044 499 1206 552 Procop.
1221 500 1265 539 de
1277 499 1404 538 Aedif.
1418 499 1609 540 Iustinian.
1621 499 1686 538 lib.

427 550 501 596 IV,
517 566 552 604 p.
563 567 626 604 43,
641 568 704 601 44.
721 553 832 592 Helle
846 553 910 592 ubi
925 565 1106 605 praeceps
1118 554 1320 600 ceciderit,
1335 552 1419 592 satis
1435 564 1613 593 accurate
1627 553 1689 592 de-

428 603 549 656 signat
564 605 793 658 Apollodor.
809 606 849 651 1,
872 620 909 659 p.
929 619 997 658 39:
1025 602 1071 645 ὡς
1090 605 1135 645 ἑὲ
1149 607 1313 659 ἐγένοντο
1337 609 1441 645 κατὰ
1453 606 1517 646 τὴν
1535 605 1688 656 μεταξὺ

432 658 598 709 κῶμὲνην
610 659 820 698 ὃαλασσαν
831 662 982 712 Σιγείου
998 660 1062 698 καὶ
1076 660 1306 711 Χεῤῥονίισου,
1321 660 1476 698 ὼλιο-ῧεν
1489 659 1540 698 εἰς
1551 660 1614 698 τον
1624 660 1689 704 βυ·

429 713 491 749 δον
516 706 673 752 ἧἼΞλλη·
700 711 813 761 ntitas?
826 712 1008 751 θανούσης
1030 708 1145 751 αὖτῆς
1170 713 1242 750 ἀπ’
1265 714 1400 751 ἐκείνης
1421 709 1689 753 Ἑλλήσποντος

430 762 560 806 ἐκλήθη
578 767 620 803 το
633 765 765 817 πέλω)
775 780 824 805 ος.
835 765 1011 805 Cadaver
1025 766 1104 805 eius
1119 767 1156 804 in
1166 766 1320 805 Troade
1331 765 1516 818 sepultum
1529 778 1577 805 an
1591 765 1688 818 quis-

428 831 545 869 quam
561 819 778 867 tradiderit,
803 820 908 871 quod
932 817 1018 858 sane
1038 820 1192 858 videtur
1211 819 1462 872 colligendum
1485 831 1507 858 e
1528 819 1688 859 Luciani

430 872 581 921 verbis,
602 873 695 911 mihi
710 885 788 911 non
803 872 967 912 constat:
993 885 1128 912 verum
1142 871 1397 912 Chersonesus
1416 872 1686 912 habuifffimne

429 925 559 974 τάφον,
573 925 689 980 paulo
705 937 831 965 tamen
845 926 997 979 longius
1011 926 1058 963 ab
1072 939 1120 965 eo
1132 926 1238 972 loco,
1257 926 1323 964 ubi
1337 925 1456 965 mersa
1471 926 1621 974 interiit,
1641 926 1688 965 ad

430 977 546 1030 ipsam
561 978 776 1031 peninsulae
787 979 947 1019 radicem
968 979 1102 1018 dextro
1121 979 1236 1018 latere
1250 978 1382 1019 versus
1395 979 1664 1031 Propontidem
1675 1009 1688 1025 ,

432 1042 476 1071 ut
489 1045 535 1072 ex
551 1033 756 1072 Herodoto
771 1045 916 1073 certum
930 1032 984 1072 est
998 1032 1096 1079 VH,
1116 1033 1172 1084 58.
1187 1045 1273 1071 nam
1289 1032 1482 1081 Persarum
1496 1033 1690 1073 exercitus

432 1097 480 1128 ex
498 1086 587 1124 Asia
609 1086 786 1126 traieaus
807 1087 845 1125 in
862 1087 1054 1139 Europam
1081 1087 1245 1125 ἑποιεε-το
1261 1086 1322 1126 τὴν
1335 1085 1418 1125 ὁδον
1439 1085 1509 1125 eh&
1523 1085 1585 1127 τῆς
1603 1092 1690 1139 Χερ-

432 1135 603 1186 σονήσου,
625 1139 658 1178 ἐν
670 1139 779 1191 <segni
791 1140 858 1189 μὲν
872 1140 922 1191 ξχ
930 1156 974 1179 ων
995 1132 1203 1178 τὶνἽίλλης
1223 1138 1340 1188 τάφον
1358 1137 1427 1178 τῆς
1443 1138 1689 1190 Ἀθάμαντος,

430 1190 466 1229 ἐν
483 1191 651 1244 ἀριστερῇ
665 1192 710 1230 st
732 1192 891 1242 Καρδίαν
912 1194 1032 1233 πόλιν
1058 1205 1138 1231 erat
1153 1204 1277 1232 autern
1298 1192 1365 1232 sita
1377 1191 1513 1232 Cardia
1534 1194 1689 1233 interius

432 1245 479 1282 ad
494 1245 683 1286 Melanem
699 1245 832 1286 smum.
844 1246 939 1285 Illud
953 1256 1080 1285 autem
1095 1258 1389 1286 monumentum
1405 1245 1519 1285 fuerit
1537 1247 1690 1285 κενοτα-

432 1311 515 1347 φιον
527 1310 594 1338 ant
604 1299 754 1351 κενὴριον
766 1299 908 1339 necesse
922 1299 985 1346 est,
997 1299 1025 1338 fi
1037 1298 1165 1339 fabula
1177 1299 1288 1339 fidem
1303 1312 1485 1345 meretur,
1496 1312 1595 1352 quae
1608 1312 1688 1340 me-

431 1352 500 1390 diis
515 1352 652 1392 Hellen
672 1352 841 1392 servavit
856 1354 894 1392 in
909 1354 1041 1402 undis,
1057 1353 1320 1406 Neptunoque
1335 1366 1467 1393 amore
1480 1364 1594 1405 capto
1607 1353 1688 1405 pel-

431 1405 542 1444 licem
556 1407 723 1446 tradidit:
740 1406 1028 1453 Eratosthenes,
1051 1420 1165 1460 quem
1183 1415 1326 1446 vocant
1338 1439 1349 1456 ‚
1368 1406 1507 1446 Catast.
1526 1419 1558 1446 c.
1571 1407 1686 1447 XIX:

431 1459 622 1499 mensam
634 1460 679 1499 Σὲ
695 1461 828 1500 σώσας
842 1454 1056 1508 τὺνἽΞλλην,
1071 1461 1136 1500 καὶ
1148 1459 1302 1513 μιχθεὶς
1319 1461 1506 1514 ἐγέννησεν
1519 1459 1560 1511 ἐξ
1573 1457 1689 1500 αὐτῆς

431 1511 565 1552 *ratmot
580 1513 732 1564 ὀνόματι
753 1514 903 1553 Παίονα·
924 1515 1077 1567 nuptiae
1094 1513 1328 1563 foecundae,
1353 1525 1396 1554 ut
1416 1513 1594 1554 Deorum
1613 1513 1688 1555 effe

431 1564 566 1614 solent,
583 1567 710 1619 plures
723 1568 864 1608 liberos
877 1568 1084 1608 ediderunt.
1106 1569 1256 1621 Hygin.
1266 1567 1372 1608 Poet.
1388 1566 1489 1607 Astr.
1502 1567 1552 1616 11,
1565 1580 1600 1616 c,
1614 1581 1664 1607 20
1676 1584 1686 1609 :

433 1621 506 1658 Sed
522 1622 644 1660 Hellen
666 1622 816 1674 decidiffe
835 1623 870 1661 ιἰι
893 1622 1167 1674 Hellespontum,
1191 1621 1230 1661 δι
1249 1637 1272 1660 a
1291 1623 1455 1675 Neptuno
1475 1621 1687 1675 compreſjbm
1747 1631 1748 1647 ³

432 1673 576 1712 Paeona
591 1676 775 1727 procmff
788 1676 984 1729 complures,
997 1676 1150 1715 nonnulli
1165 1676 1346 1715 Hedonum
1369 1676 1538 1715 dixerunt.
1560 1675 1687 1716 Schol.

432 1725 674 1769 Germanici:
698 1731 798 1768 Helle
809 1742 939 1778 autem,
953 1742 993 1769 ut
1002 1730 1120 1777 aiunt,
1142 1746 1163 1768 a
1181 1731 1341 1782 Neptuno
1347 1729 1493 1781 fizlvata
1505 1731 1548 1782 est
1556 1759 1570 1776 ,
1594 1729 1630 1767 δ’
1644 1743 1689 1768 ex

433 1796 473 1818 ea
481 1796 620 1833 puerum
636 1783 800 1822 Paconem
811 1785 936 1836 genuit.
957 1783 1163 1835 Almopem
1177 1784 1368 1835 gigantem
1384 1786 1445 1823 ‘rim
1457 1781 1687 1823 noceasc‘efvor

431 1830 643 1875 καὶἝλλης
657 1836 721 1876 τῆς
739 1836 964 1887 Ἀθάμαντος
991 1836 1198 1890 suppeditat
1217 1836 1393 1889 Stephan.
1409 1837 1447 1876 in
1470 1837 1688 1888 Ἀλμωπία.

431 1887 530 1927 Tres
549 1889 746 1929 minimum
763 1889 862 1930 filios
875 1891 986 1930 Helle
1006 1901 1214 1944 prognatos
1232 1891 1418 1930 habemus
1437 1890 1690 1943 cognomines

432 1941 608 1993 populis,
630 1944 697 1996 qui
725 1944 762 1982 in
778 1944 944 1985 Thracia
965 1945 1163 1996 vicinaque
1182 1944 1417 1984 Macedonia
1429 1943 1688 1985 incoluerunt.

431 1994 586 2043 Nescio,
606 2009 653 2036 an
668 1997 877 2038 remedium
895 1999 983 2038 hinc
996 1997 1154 2038 Aristidi
1171 1996 1215 2037 sit
1226 1998 1440 2051 petendum.
1454 1998 1503 2038 T.
1516 1997 1559 2043 Ι,
1571 2011 1608 2050 p.
1619 2010 1689 2046 47,

430 2049 497 2088 ubi
508 2048 731 2115 Neptunum
742 2050 855 2091 refert
872 2065 1003 2092 amore
1018 2063 1170 2104 captum
1186 2052 1443 2092 Leucotheam
1455 2049 1620 2091 habuiffe
1634 2049 1689 2091 se-

431 2114 520 2141 cum
532 2131 542 2150 ,
567 2106 604 2142 ὃν
619 2105 750 2155 τρὸπον
775 2104 997 2158 (ἑρασὲῑῖἷναι
1013 2105 1194 2160 λέγεται)
1214 2105 1280 2144 καὶ
1294 2104 1424 2158 Τυροῦς
1439 2103 1507 2146 τῆς
1521 2109 1706 2155 Σαλμων

430 2155 532 2205 νέως,
546 2157 608 2196 καὶ
619 2157 848 2209 Ἀμυμώνης,
864 2160 928 2198 καὶ
939 2161 1060 2198 ἄλλης
1069 2162 1166 2199 τινος
1181 2157 1313 2206 καλῆς,
1327 2160 1391 2199 καὶ
1403 2159 1544 2210 κρύψαι
1555 2172 1609 2210 ’γε
1622 2159 1687 2198 καὶ

429 2208 573 2248 ταύτην
587 2207 657 2251 ὑπὸ
671 2211 726 2261 τῷ
738 2211 892 2262 κύματι·
914 2211 1081 2253 offensus
1094 2213 1132 2253 in
1151 2211 1388 2253 exafflffimo
1409 2211 1592 2266 scriptore
1610 2223 1687 2251 tra-

429 2262 494 2301 &u
509 2264 694 2305 orationis
715 2267 898 2306 indecoro
913 2267 1125 2316 tentabam,
1147 2260 1358 2307 καὶἽΞλλης
1378 2263 1445 2306 τῆς
1467 2263 1599 2305 καλῆς·
1623 2266 1687 2305 cui

430 2317 686 2358 emendationi
702 2318 728 2357 fi
743 2321 829 2372 quis
841 2320 1036 2372 vulgatam
1051 2331 1177 2360 tamen
1192 2319 1447 2372 anteposuerit
1457 2349 1471 2366 ,
1485 2331 1563 2359 non
1577 2320 1687 2371 equi-

429 2369 514 2409 dem
528 2371 734 2420 intercedo,
747 2374 836 2424 quin
849 2374 991 2413 iudicio
1006 2373 1075 2414 suo
1088 2373 1250 2414 fruatur.
1260 2375 1479 2426 Antequam
1492 2385 1587 2413 vero
1596 2372 1689 2412 Hel-

427 2423 587 2475 lesponti
604 2440 746 2466 nomen
762 2427 821 2467 his
835 2428 950 2467 maris
970 2427 1147 2481 angustiis
1165 2428 1320 2468 inditum
1336 2425 1596 2473 increbuisset,
1616 2437 1686 2466 ve-

426 2478 559 2521 tustius
577 2480 750 2524 exstitiffe
763 2480 1012 2534 Borysthenis
1031 2481 1158 2525 scribit
1170 2481 1385 2538 Stephanus
1392 2495 1409 2532 3⁷
1426 2481 1526 2526 unde
1544 2480 1687 2535 liquet..
