1748 3420
248 87 255 103 Ι

153 193 239 242 ΙΝ
280 193 725 242 DIALOGOS
777 195 1176 243 MARINOS.
1226 214 1310 261 391

14 286 19 292 '
64 314 66 316 .
105 283 186 322 ibid.
203 277 291 324 “O-n
305 281 422 325 οὕτως
437 285 529 338 διε.)
541 283 733 325 Sententia
747 283 832 324 satis
846 284 898 324 est
911 296 1063 337 aperta:
1087 285 1318 338 Caffiopeia,

0 345 1 349 ’
50 334 81 376 fi
96 337 319 377 devoratam
343 351 365 376 a
380 338 552 378 monstro
567 338 714 377 marino
725 336 840 377 filiam
853 339 999 378 vidisset
1009 369 1020 385 ‚
1037 350 1145 379 tanto
1162 341 1295 380 dolore
1307 372 1319 390 ,

0 407 2 420 ι
53 391 196 443 quippe
209 400 343 438 mater,
365 391 550 431 tabefacta
564 403 702 443 graves
723 404 867 444 poenas
883 391 1068 444 superbae
1093 395 1319 434 temeritatis

51 443 187 483 luisset.
218 444 379 484 Moleste
403 445 525 484 Doris
544 444 714 484 nondum
736 444 883 496 placata
907 445 979 484 fert
1002 446 1147 498 spretae
1170 447 1319 487 formae

54 497 355 544 contumeliam,
379 498 420 537 δι
434 498 570 538 Perseo
580 510 699 550 paene
712 497 926 545 succenset,
946 499 1012 550 qui
1029 500 1315 541 Andromedam

0 597 3 604 ²
52 550 246 590 vinditiae
260 550 491 591 subduxerit.
515 552 649 601 Itaque
663 564 742 590 non
755 550 808 590 est
827 551 889 589 illa
903 553 1056 604 quidem
1072 566 1249 593 accurata
1263 568 1319 594 re-

0 621 9 630 ·
48 600 227 655 sponsio,
245 617 345 656 quae
358 606 674 657 praecedentibus
689 605 822 644 exacie
835 607 1064 653 conveniat,
1095 605 1155 645 sed
1175 609 1319 660 cogita-

0 675 7 683 ·
52 656 149 695 tioni
163 656 411 709 supplendum
425 657 565 712 aliquid
585 658 776 711 relinquit.
795 658 919 698 Nimis
935 658 1150 699 scholastice
1166 660 1320 713 Cogna-

0 729 7 738 ·
52 719 129 749 tus.
159 711 326 752 HEMST.

105 763 186 802 ibid.
211 761 336 815 Μήτηρ
350 779 400 818 ’γε
422 756 534 817 οῧσοι)
554 764 769 817 Caffiopeia
794 764 940 816 Cephei
966 765 1064 816 regis
1077 764 1317 819 Aethiopum

0 827 4 836 ·
51 828 155 856 uxor
165 817 480 858 &Andromedes
495 828 626 858 mater.
645 819 719 858 Hic
732 816 750 858 ἦ
765 819 950 870 πρότασις
964 818 1233 858 diffimulatur:
1256 822 1313 859 in-

0 889 4 900 ·
49 880 200 922 regrum
217 870 319 919 effer,
333 870 362 910 εἰ
377 871 467 923 {stipae
479 872 958 924 προσπεπατταλευμένην,
975 870 1140 925 ἤλγησεν
1158 870 1254 923 cliwfi
1264 875 1318 911 vi-

0 937 1 941 *
51 923 149 974 dtffit
160 924 324 977 affixam,
344 925 507 976 doluzffioe.
536 925 608 964 Sed
632 926 852 965 continetur
867 926 970 978 prior
987 939 1072 978 pars
1088 926 1124 963 in
1146 926 1310 967 di&ione

0 1001 1 1010 η
50 974 183 1017 οὕτως·
209 977 249 1017 &
265 979 381 1018 altera
402 979 549 1034 accedit
562 978 746 1030 πρότασις
767 979 963 1032 participio
976 980 1195 1026 enuntiata,
1213 980 1246 1018 εί
1259 995 1313 1033 γε

53 1029 176 1082 μήτηρ
187 1028 233 1070 ὥς
243 1031 388 1072 ἀληθῶς
401 1034 454 1077 ἣν,
468 1030 634 1085 ἤλγησεν
650 1029 705 1071 ἄν.
730 1032 881 1072 COGN.

107 1085 199 1136 Pag.
218 1099 232 1123 1
243 1099 302 1133 24.
321 1087 345 1124 l.
360 1086 398 1125 6.
413 1085 459 1124 Οἱ
471 1086 708 1138 πέμποντες)
724 1087 908 1136 Helm-etv,
924 1085 988 1125 vel
999 1086 1143 1138 potius,
1154 1086 1320 1135 πέμπειν

53 1139 211 1188 πομπὴν
232 1139 328 1178 idem
343 1138 396 1178 est
408 1170 419 1187 ‚
437 1140 542 1191 quod
558 1139 776 1190 πομπεύειν,
798 1151 841 1179 ut
860 1140 991 1179 docuit
1004 1140 1051 1179 C.
1068 1141 1117 1179 A.
1134 1139 1320 1180 Dukerus

51 1193 99 1232 ad
112 1192 330 1244 Thucydid.
345 1193 424 1238 VI,
443 1194 499 1244 56.
518 1194 628 1245 plura
642 1194 809 1233 dicemus
829 1194 873 1232 ad
888 1193 975 1233 Iov.
989 1194 1180 1246 Tragoed.
1204 1208 1236 1233 c.
1254 1209 1314 1234 22.

51 1246 389 1298 Μοκεὶργοιζόμην
401 1247 598 1299 repudiare
610 1247 762 1299 quidem
780 1260 859 1285 non
872 1247 988 1286 ausim
1003 1262 1014 1295 3
1045 1261 1169 1300 neque
1189 1257 1319 1287 tamen

53 1300 182 1339 omnis
195 1299 287 1338 mihi
299 1301 383 1339 vitii
397 1299 557 1352 suspicio
569 1300 621 1339 est
634 1313 794 1340 exemta.
818 1301 924 1340 Tum
940 1314 1058 1353 porro
1073 1302 1214 1346 malim,
1234 1302 1320 1340 ἐπέ-

50 1367 198 1392 πνευσα
211 1352 256 1391 ὃςί
265 1368 323 1392 τοι
337 1354 400 1392 καὶ
412 1358 517 1403 μέρος
532 1353 596 1393 τιῖς
608 1354 766 1394 Ἶνὸικιῖς·
782 1355 926 1406 alioqui
941 1354 1177 1393 scribendum
1193 1354 1316 1401 foret,

52 1418 96 1446 ut
113 1405 199 1446 sane
211 1406 361 1460 legitur,
378 1408 419 1447 &
433 1407 550 1448 nihilo
566 1408 747 1456 deterius,
762 1409 800 1447 in
813 1409 850 1449 P.
865 1410 926 1447 ἐπ.
940 1408 985 1447 Σὲ
1000 1409 1063 1447 καὶ
1075 1410 1180 1461 μέρος
1199 1423 1234 1447 τι
1247 1408 1317 1451 τῆς

51 1460 133 1500 Ἰνὸ.
160 1462 324 1500 HEMST.

107 1516 182 1553 ead.
199 1515 223 1552 l.
245 1528 300 1553 10.
323 1514 393 1552 Καὶ
406 1514 511 1564 μέρος
524 1514 582 1567 τι)
605 1515 662 1554 Ita
673 1514 713 1554 P.
726 1513 769 1554 In
782 1515 859 1555 aliis
874 1515 962 1555 alibi
976 1515 1143 1570 positum
1163 1526 1244 1556 erat
1255 1530 1315 1565 τι,

52 1580 191 1621 nempe
214 1582 253 1607 τι
269 1569 334 1606 καὶ
350 1569 457 1620 μέρος
468 1568 535 1608 τῆς
547 1570 583 1609 ’1.
608 1569 765 1608 SOLAN.

107 1624 179 1660 ead.
194 1622 218 1661 l.
238 1636 296 1662 12.
318 1618 444 1674 Efsec)
463 1623 540 1662 Hic
553 1622 597 1661 ad
613 1636 721 1662 oram
735 1623 764 1661 F
766 1623 948 1663 lorentini
966 1623 1218 1676 exemplaris,
1233 1636 1318 1676 quo

53 1674 144 1715 usus
163 1674 244 1715 sum
257 1706 269 1724 ‚
283 1676 435 1715 notavit
448 1677 507 1715 vir
521 1676 675 1729 quidam
688 1677 858 1716 eruditus
872 1675 983 1716 eiam
997 1690 1069 1729 pro
1085 1673 1195 1717 siser.
1221 1676 1318 1716 Iudi-

53 1741 114 1773 cet
128 1729 262 1776 lector,
285 1740 415 1768 utrum
430 1729 474 1769 fit
488 1731 735 1778 concinnius;
754 1731 846 1769 mihi
865 1743 946 1770 non
960 1729 1128 1781 displicet
1150 1730 1317 1783 repofita

53 1782 119 1822 illa
135 1783 261 1822 leffio.
284 1783 385 1823 Idem
401 1784 462 1823 vir
476 1784 647 1823 eruditus
661 1785 701 1823 in
714 1784 849 1824 eodem
861 1784 937 1824 hoc
952 1783 1107 1837 dialogo
1119 1815 1131 1833 ‚
1145 1783 1211 1824 ubi
1225 1784 1317 1837 legi-

54 1846 134 1885 tur,
150 1836 166 1876 ὃ
179 1837 246 1887 μὲν
254 1838 333 1890 ’γὰρ
344 1837 535 1877 Ποσειδὼν
551 1838 780 1883 ἐπιβεβηκὼς
792 1835 972 1889 ἅρματος
982 1837 1260 1891 παροχούμενός
1273 1853 1316 1877 τε

53 1891 121 1931 καὶ
134 1890 200 1931 τὴν
213 1891 449 1941 Ἀμφιτρίτην
462 1890 578 1944 ἔχων,
592 1890 736 1944 προῆγε
749 1891 934 1945 γεγηθὼς,
949 1905 1020 1943 pro
1032 1890 1317 1943 παροχούμενὸς

53 1959 98 1984 τε
108 1944 300 1997 adscripsit
309 1945 613 1996 παροχουμένην,
623 1957 665 1984 ut
678 1945 723 1984 ad
734 1945 990 1997 Amphitriten
1000 1945 1199 1985 referatur.
1207 1945 1314 1984 mss.

109 2001 181 2038 ead.
194 1999 217 2036 l.
236 2012 295 2051 13.
310 2000 375 2037 Τὸν
388 1997 438 2038 τιῖ
440 2013 456 2037 ς
470 1993 638 2049 Εὖρώπης
648 1999 821 2051 πωτέρω)
844 2000 1002 2051 Europa
1015 1999 1206 2050 Agenoris
1219 2001 1318 2051 regis

54 2052 292 2093 Phoenicum
308 2050 385 2090 filia
403 2065 427 2091 a
446 2052 542 2091 Iove
563 2051 631 2091 sub
645 2052 745 2091 tauri
763 2051 885 2103 specie
904 2063 1029 2104 rapta,
1049 2054 1089 2092 &
1110 2054 1147 2091 in
1161 2053 1317 2092 Cretam

0 2152 1 2162 γ
55 2107 190 2146 ενεὲὶει
202 2106 356 2145 dicitur:
381 2117 497 2158 atque
517 2119 566 2145 ex
581 2119 625 2145 ea
637 2106 765 2159 postea
779 2106 867 2145 Iovi
883 2107 959 2146 nati
976 2106 1150 2146 feruntur
1163 2107 1294 2146 Minos
1305 2137 1318 2153 ,

55 2159 371 2200 Rhadamanthus
383 2160 424 2198 δέ
437 2159 641 2212 Sarpedon.
656 2159 772 2200 Ovid.
783 2160 821 2198 in
835 2160 911 2199 fine
922 2176 943 2199 2
960 2160 1043 2199 libri
1057 2161 1214 2200 Metam.
1228 2173 1318 2199 ean-

55 2214 142 2253 dem
158 2213 323 2252 fabulam
338 2214 510 2265 exponit,
520 2213 560 2252 &
572 2214 795 2252 Herodotus
805 2215 905 2253 libro
920 2214 1045 2266 primo
1056 2213 1178 2253 statim
1195 2214 1241 2252 ab
1255 2215 1318 2253 ini-

34 2301 36 2306 ,
56 2268 124 2307 tio.
139 2268 202 2307 Ab
216 2280 260 2307 ea
271 2268 418 2306 tertiam
435 2267 563 2305 mundi
576 2279 720 2320 partem
735 2267 1016 2306 denominatam
1031 2267 1169 2306 ferunt.
1185 2268 1318 2308 Theo-

57 2322 177 2362 critus
192 2322 227 2359 in
244 2321 399 2372 Europa
413 2320 494 2360 five
508 2321 587 2359 Eid.
602 2322 676 2360 XX
690 2322 758 2360 suo
771 2335 878 2360 more
890 2322 987 2361 hanc
1001 2321 1166 2361 fabulam
1180 2321 1319 2372 depin-

58 2375 133 2427 git;
154 2388 176 2414 a
187 2388 267 2426 quo
283 2374 449 2414 Ovidius
461 2375 645 2425 quaedam
661 2373 825 2414 sumslffe
838 2376 1000 2414 videtur.
1017 2376 1204 2414 Herodot.
1216 2375 1277 2413 lib.
1291 2390 1316 2423 4

59 2430 115 2467 ait
127 2428 280 2474 nesciri,
295 2441 366 2468 nec
381 2429 573 2478 proditum
593 2427 666 2467 esse
680 2441 701 2465 a
712 2442 910 2480 quoquam
922 2460 934 2475 ‚
952 2429 1053 2468 unde
1066 2429 1162 2468 dicia
1181 2428 1224 2466 sit
1241 2429 1317 2467 Eu-

58 2494 176 2536 ropa,
199 2481 269 2523 nisi
285 2482 392 2536 quod
403 2482 452 2522 ab
463 2482 622 2536 Europa
636 2482 765 2534 Tyria
775 2482 910 2523 dictam
925 2482 1102 2523 referant.
1124 2482 1270 2523 Coss,
