1748 3420
6 242 25 296 ἓ
128 218 211 266 ΙΝ
243 218 632 267 DIALOGOS
668 217 1182 268 MORTUORUM.
1219 236 1307 286 431

6 351 23 364 *f
48 307 114 348 'Eia
128 308 277 348 callent.
300 310 472 350 Tandem
498 322 675 362 magnum
692 310 745 349 est
764 311 1006 364 corruptelae
1028 312 1179 351 latentis
1194 312 1313 351 docu-

52 373 224 402 mentum
238 363 500 416 interpretatio
524 367 901 416 καταγελασῧέντες,
923 378 1037 416 quam
1055 366 1120 417 qui
1137 367 1312 404 vocabu-

51 415 110 463 lo,
123 416 384 469 quodcunque
400 418 438 456 in
452 418 623 457 Luciano
635 427 846 468 repererat,
858 418 1053 470 apposuit,
1069 419 1143 458 hoc
1159 420 1310 470 quidem

54 468 259 520 vulgatum
280 469 471 522 ἁποσμυγ
480 471 576 510 έντες
594 468 768 522 reperiffe
788 482 1032 522 nequaquam
1049 472 1147 510 credi
1168 472 1311 524 potest3

8 564 10 566 ,
48 531 161 560 tanto
178 523 277 560 enim
294 524 497 562 intervallo
510 534 672 574 utraque
686 522 864 569 diffident,
881 535 923 562 ut
938 524 983 562 ad
997 525 1187 575 quandam
1204 539 1312 564 com-

0 578 13 615 Γ
49 575 177 614 munis
186 574 419 627 significatus
430 577 648 615 affinitatem
660 575 762 615 nulla
775 576 949 615 machina
958 578 1148 616 conciliari
1158 590 1311 630 queant.

6 627 11 658 i
47 627 221 667 Criticen
239 641 334 680 ergo
349 629 458 668 restat
474 639 516 669 ut
539 630 774 668 advocemus
787 660 798 676 ‚
821 628 849 667 fi
865 630 957 682 quid
977 631 1108 669 auxilii
1124 631 1310 672 solvendo

0 677 14 693 ”
52 681 160 720 nodo
173 681 348 721 conferre
362 682 488 735 poffir:
502 683 692 721 blanditur
700 684 901 722 enimvero
913 682 1070 722 mirifice
1085 684 1311 736 perpulchra

0 735 10 770 s
49 733 95 773 L.
107 733 502 781 Kustericoniestura‚
523 736 588 787 qui
603 735 878 775 rescribendum
895 737 1046 775 monuit
1058 738 1172 775 unius
1186 737 1312 777 literu-

0 795 1 832 ξ
49 787 111 826 lae
123 788 352 827 detrimento
367 789 529 840 ἀπαμυγ
537 790 646 828 έντες·
659 787 782 828 fateor
795 789 987 841 equidem,
1001 790 1038 828 in
1050 803 1098 829 co
1110 791 1229 829 verbo
1244 791 1312 829 flo-

0 868 1 896 ἰ
47 853 133 880 rem
148 840 221 880 effe
231 842 445 887 comicum,
460 843 508 880 ab
523 841 640 894 iisque
656 843 779 895 poetis
799 843 1017 895 decerptum
1029 873 1039 890 ,
1053 856 1151 895 quos
1170 843 1311 882 studio-

50 892 91 933 se
105 893 289 934 Nostrum
305 894 480 935 leuitaffe
494 895 652 934 constat.
678 895 928 948 Quamquam
947 908 1048 935 nunc
1065 897 1182 935 rarius
1198 898 1310 937 inve-

46 947 190 995 niatur,
214 958 272 986 tot
293 948 439 987 Scenae
457 949 638 1001 antiquae
663 950 922 988 monumentis
944 948 1143 995 absumtis,
1166 949 1311 990 Polluci

6 1017 10 1022 -
47 1009 178 1040 tamen
190 1001 285 1040 nihil
295 1001 349 1041 est
358 1014 426 1041 cau
432 1001 504 1048 sae,
517 1015 585 1041 cur
595 1001 709 1042 fidem
724 1002 953 1054 denegemus
965 1002 1170 1042 affirmanti
1183 1002 1229 1050 11,
1242 1005 1308 1054 78,

0 1048 1 1062 ¹
49 1053 102 1107 3553*
106 1069 124 1093 n
142 1054 188 1093 δέ
199 1068 297 1094 τινες
311 1054 382 1094 τῶν
401 1054 568 1105 κωμικῶν
588 1058 632 1093 τὶ)
647 1055 709 1095 ἐπὶ
724 1055 842 1108 κέρδει
861 1055 1061 1107 ἑξαπατᾷν
1077 1055 1310 1106 &volari-trem

0 1121 2 1129 ’
47 1104 167 1147 εἶπον·
183 1109 396 1148 accuratius
410 1110 683 1162 proprietatem
702 1108 883 1162 fignavir,
906 1122 1022 1162 quam
1038 1109 1308 1152 Graminatici:

0 1201 2 1204 ,
47 1159 219 1213 Hesych.
233 1161 496 1211 Ἀπομὺττειν,
517 1161 735 1212 ε’ξοιπειτᾷν,
759 1162 961 1215 γοητεύειν·
987 1164 1092 1214 quod
1118 1162 1308 1215 posterius

44 1213 127 1254 :fine
144 1215 264 1254 dubio
275 1216 458 1267 pertinuit
478 1216 522 1254 ad
538 1215 792 1255 illustrandum
806 1215 969 1268 aliquem
983 1216 1137 1256 Comici
1155 1218 1281 1258 locum
1294 1250 1308 1267 ‚

46 1267 114 1307 ubi
133 1268 235 1307 miris
258 1268 464 1321 praestigiis
485 1269 636 1308 delusus
657 1269 769 1309 senex
789 1282 886 1309 auro
910 1271 1198 1323 emungebatur.
1229 1271 1311 1311 Eu-

46 1319 157 1360 stath.
175 1322 220 1360 ad
231 1321 306 1361 Od.
321 1327 368 1368 Ξ,
384 1336 420 1374 p.
436 1322 551 1372 1761,
565 1322 778 1374 Ἀπομὺξσιί
791 1337 874 1362 τινα.
888 1325 930 1362 τὸ
947 1322 1209 1374 ἐξαπατῆσαι.
1229 1326 1308 1364 Ne-

44 1387 123 1427 que
135 1375 240 1415 aliter
254 1376 521 1430 intellexerunt
535 1376 761 1429 προμύσσειν
772 1377 809 1415 in
824 1377 1050 1430 Hippocrat.
1062 1382 1254 1430 Hoepae‘y-y.
1267 1394 1303 1431 p.

0 1462 1 1466 ,
45 1429 116 1475 26,
132 1429 286 1481 Κρέσσον
299 1431 355 1469 οὑν
368 1431 616 1481 σωζομένοισιν
628 1429 823 1480 investigem,
836 1430 853 1471 ii
865 1430 1023 1482 ὀλεθρίως
1039 1431 1203 1484 ἔχονται,-
1219 1447 1306 1485 προ-

42 1481 218 1532 μὺσσειν,
242 1483 362 1522 modo
377 1495 424 1522 ne
441 1484 538 1523 vitio
557 1483 602 1522 sit
622 1483 802 1536 scriptum
818 1497 889 1536 pro
910 1484 1155 1534 ἀπομάσσειν·
1171 1499 1306 1537 quam-

45 1536 110 1575 vis
131 1536 183 1575 ibi
201 1549 282 1589 quo
295 1537 419 1576 minus
436 1550 508 1590 pro
520 1538 660 1576 ludibrio
674 1539 810 1584 habere,
825 1537 993 1587 ludificari
1005 1539 1188 1591 accipias,
1211 1540 1306 1578 nihil

0 1595 1 1599 ’
46 1588 183 1629 obstet.
207 1590 398 1643 Congruit
413 1591 636 1631 Latinorum
660 1605 847 1643 emungere,
869 1591 975 1643 quod
989 1591 1044 1630 est
1057 1607 1118 1644 per
1135 1593 1247 1631 dolum
1269 1594 1306 1631 6·

45 1644 167 1695 astutis
184 1645 311 1683 technis
321 1644 538 1695 defraudare.-
559 1655 604 1684 ut
617 1645 663 1684 de
683 1644 894 1684 Comoedia
909 1643 1075 1683 sumtum
1097 1644 1213 1691 scias,
1237 1658 1307 1685 no.

44 1696 181 1737 tiffirna
201 1697 286 1737 sunt
299 1697 421 1737 Plauti
438 1698 685 1751 Terentiique
704 1698 812 1738 loca:
837 1698 934 1737 idem
951 1699 1103 1737 Horatii
1118 1698 1243 1738 sensus
1257 1701 1304 1739 de

44 1751 96 1791 A.
107 1750 146 1790 P.
160 1765 200 1793 v.
215 1751 289 1804 238
310 1774 354 1781 —
371 1754 489 1791 audax
501 1752 656 1804 Pythias
675 1757 819 1791 emunHo
838 1753 969 1791 lucrata
984 1753 1117 1791 Simone
1131 1754 1305 1795 talentum.

44 1803 166 1844 Lucil.
186 1805 286 1858 apud
301 1805 469 1844 Nonium
482 1819 519 1858 p.
534 1805 583 1855 36
594 1835 604 1852 ‚
624 1805 856 1858 Quovispoffi
872 1821 921 1844 me
931 1807 1063 1859 emungi
1080 1807 1166 1844 bolo.
1184 1808 1304 1846 Vete-

45 1871 107 1898 res
125 1858 336 1898 aemulatus
350 1859 518 1911 Apollin.
531 1859 606 1898 Sid.
624 1860 701 1898 VII
711 1889 723 1908 ,
738 1860 804 1913 Ep.
824 1874 858 1906 2,
872 1862 954 1898 Non
962 1875 1074 1912 parvo
1084 1861 1183 1898 etiam
1195 1862 1304 1898 corol-

0 1934 1 1937 ¹
45 1913 133 1951 lario
148 1911 351 1963 fhcilitatem
369 1913 654 1966 credulitatemque
668 1914 910 1964 munificentiae
922 1913 1094 1962 socrualis
1112 1928 1303 1966 emungens.

0 2002 1 2015 ἦ
43 1965 103 2005 IX
117 1965 185 2019 Ep.
199 1980 238 2015 7,
258 1967 407 2017 Quidam
424 1967 498 2006 δίς.
514 1967 658 2018 firiham
673 1979 764 2005 tuum
779 1967 841 2019 seu
856 1969 1068 2019 bibliopolam
1087 1967 1301 2018 copiofiffimo

0 2019 1 2031 ³
43 2019 131 2057 velis·
143 2020 232 2059 nolis
248 2021 527 2060 declamationum
549 2032 682 2059 tuarum
699 2021 834 2072 schedio
854 2021 1023 2059 emunxit:
1049 2032 1092 2059 ut
1104 2022 1303 2072 Hierony-

0 2077 1 2097 *
25 2107 27 2110 .
45 2085 178 2120 mum,
197 2072 427 2113 imitatorem
440 2074 672 2126 antiquitatis
684 2088 763 2114 non
778 2074 950 2126 segnem,
963 2084 1207 2126 praeteream.
1230 2076 1304 2113 At-

44 2139 124 2179 que
136 2127 232 2166 adeo
244 2127 346 2167 haud
361 2127 436 2166 scio
449 2158 460 2176 ‚
481 2140 529 2165 an
548 2128 586 2165 in
599 2128 753 2167 Caecilii
768 2127 879 2167 versu
893 2128 993 2180 apud
1014 2127 1239 2167 Ciceronem
1256 2128 1305 2167 de

46 2180 173 2220 Amic.
197 2180 289 2233 §99‚
306 2181 613 2233 quandoquidem
634 2181 712 2220 Pal.
726 2183 870 2234 primus
893 2194 990 2234 atque
1010 2182 1149 2220 unxeris
1167 2180 1303 2234 suppe-

0 2229 1 2235 ἵ
45 2233 156 2281 ditat,
166 2234 369 2286 legendum
378 2233 437 2282 sit,
448 2235 562 2272 Hodie
572 2250 622 2272 me
631 2246 708 2273 ante
717 2252 826 2274 omnes
837 2235 1208 2287 Comicosftultossenes
1223 2238 1302 2273 Ver-

39 2286 135 2339 saris
150 2300 248 2339 atque
263 2290 449 2327 emunxeris
468 2288 654 2337 lautiffi'me.
672 2289 774 2328 Hinc
790 2288 898 2328 simul
911 2299 1027 2341 patet,
1042 2290 1172 2341 quanti
1188 2288 1231 2327 sit
1247 2288 1302 2326 fa-

0 2342 2 2364 ⁵
45 2341 178 2380 cienda
191 2341 218 2380 Ι.
231 2340 424 2381 Gebhardi
436 2342 655 2381 observatio
664 2342 754 2380 Ant.
768 2342 870 2381 Le&
883 2342 932 2390 ΙΙ,
946 2355 978 2381 c.
990 2357 1053 2395 23,
1065 2343 1103 2380 in
1115 2342 1302 2381 Terentio

46 2393 259 2447 Nonioque
270 2409 305 2448 p.
322 2409 409 2447 103,
428 2396 541 2446 ernulfi
555 2395 594 2434 δι
607 2396 764 2447 emulgere
780 2396 853 2434 Pal.
870 2395 967 2435 Cod.
982 2395 1056 2433 fide
1071 2397 1300 2447 reponentis.

0 2486 1 2495 ,
45 2446 322 2497 Quamobrem
341 2450 534 2500 eleganter
549 2450 830 2501 ἀπομυγέιιτες,
845 2451 888 2486 ab
898 2466 934 2488 eo
944 2480 954 2497 ,
972 2451 1029 2501 qui
1041 2451 1224 2501 testamento
1240 2464 1300 2486 ne-

44 2499 212 2552 gutffi'mos
221 2503 370 2544 vultures
383 2503 587 2554 excluserat,
607 2503 710 2554 delusi
724 2515 822 2555 atque
836 2503 993 2543 emunft’i:
1010 2503 1115 2555 quod
1129 2502 1214 2541 sane
1228 2502 1303 2543 dici
