1748 3420
438 221 531 286 346
627 216 1509 266 ANNOTATIONES

433 307 555 346 torius
567 306 804 359 antiquitatis
817 306 1001 360 suffragiis
1015 306 1254 347 obstetricem
1271 307 1345 348 effe
1359 309 1513 349 iubeam
1529 307 1654 359 εμαῖοι
1666 307 1706 348 θ’

434 360 537 399 ἐστὶν
546 354 731 411 Ἄρτεμις·
752 361 863 400 causa
873 361 1114 414 corruptelae
1127 362 1303 413 proxima
1323 363 1600 402 recentioribus
1617 362 1703 402 lite·

434 426 566 452 rarum
577 428 610 466 ‘y
622 414 662 452 δι
678 429 688 451 ι
703 415 966 466 pronuntiatio
979 446 990 463 ,
1009 427 1091 467 quo
1104 415 1227 454 mendi
1244 427 1383 466 genere
1395 417 1459 455 vix
1475 417 1545 456 dici
1557 415 1680 469 potest
1690 445 1706 462 ,

435 478 538 518 quot
557 468 682 506 adhuc
696 479 871 507 veterum
895 469 981 508 loca
1001 468 1194 515 laborent3
1213 480 1256 507 ut
1279 468 1315 506 in
1334 468 1553 520 Hesychio‚
1577 468 1708 516 Παῖον,

434 520 625 566 ἀσφαλὲς,
636 521 793 566 βέβειιον·
812 535 885 574 pro
903 523 1061 576 Πίιγιον·
1082 521 1186 570 Aera,
1203 522 1354 574 ὀλέθριοι·
1373 536 1444 575 pro
1458 524 1608 576 Λοίγισι·
1629 515 1701 576 ῗτγε

435 573 480 612 &
493 573 562 621 ἰὶιε,
579 573 682 626 ἁγὼν
697 575 736 614 &
750 574 836 612 αἰὼν
847 576 883 614 in
896 576 1123 615 membranis
1141 574 1248 628 saepe
1260 587 1516 616 commutata:
1533 575 1708 628 ἕργωλοις

436 627 580 667 nullius
601 629 709 680 pretii
731 629 970 669 vocabulum
983 631 1020 668 in
1030 628 1214 682 Apollon.
1234 628 1360 674 Rh.I‚
1383 643 1396 667 1
1410 643 1498 682 132,
1519 642 1591 682 pro
1611 629 1710 680 ἑριώ-

437 691 524 730 λας,
536 682 645 735 quod
658 681 814 736 usurpat
829 682 904 736 ipse
914 683 987 732 lv,
1003 682 1112 735 1778.
1123 681 1195 722 Sed
1206 683 1391 736 exemplis
1406 696 1534 737 parco.
1545 683 1711 722 Hmsr.

574 872 660 917 IN
710 869 1142 917 DIALOGOS
1192 870 1579 917 MARINOS.

496 952 587 1006 Pag.
602 965 664 1006 90.
681 953 704 992 l.
724 966 760 998 4.
778 950 1060 1003 Ἐπιμεμῃνέναι
1080 952 1137 990 σοὶ
1159 951 1175 1003 )
1191 950 1410 991 Commode
1424 949 1613 990 Lucianus
1628 961 1714 989 eam

439 1006 678 1046 locutionem
694 1005 875 1051 adhibuit,
891 1017 993 1058 quae
1008 1003 1213 1057 graviffimi
1229 1006 1389 1052 amoris,
1410 1003 1610 1057 furorique
1622 1016 1713 1056 pro·

440 1061 533 1099 ximi
550 1061 631 1098 vim
645 1060 837 1099 contineat
851 1072 860 1098 z
883 1071 974 1098 nam
987 1058 1160 1099 vetustus
1174 1058 1234 1098 ille
1248 1058 1515 1113 Polyphemus
1526 1088 1540 1105 ‚
1557 1057 1716 1097 utsestis

441 1114 497 1153 est
509 1113 707 1153 Theocrit.
722 1113 802 1152 Eid.
824 1113 901 1161 Xl,
925 1127 994 1158 10,
1014 1113 1081 1165 qui
1101 1112 1229 1153 hocin
1243 1125 1383 1164 genere
1406 1111 1640 1152 anaoritatis
1659 1110 1715 1151 est

442 1167 618 1219 inprimis
632 1167 872 1213 luculentae,
885 1180 973 1206 cum
994 1166 1194 1207 Galateam
1216 1162 1535 1218 amaret,’‘Hpoe‘ro
1551 1164 1632 1204 οὔτε
1658 1165 1717 1216 §6-

443 1221 538 1267 sm,
558 1217 596 1260 οὗ
608 1220 764 1270 μάλοις,
777 1219 865 1260 οὗὸὲ
881 1221 1046 1260 mmm
1061 1219 1178 1273 (tueri
1190 1219 1392 1259 lefflonem
1405 1220 1506 1259 illam
1521 1231 1563 1259 ut
1576 1218 1690 1272 poflis
1702 1248 1718 1265 ,

446 1275 640 1314 blanditur
663 1285 791 1313 tamen
806 1274 859 1314 D.
881 1273 1024 1313 Heinsii
1048 1277 1217 1321 σελίνοις,
1230 1287 1328 1326 quae
1343 1273 1385 1313 δι
1406 1273 1718 1327 praecedentibus

445 1329 572 1380 aptius
593 1328 835 1367 conveniunt
847 1359 860 1374 ‚
879 1328 919 1367 δι
943 1327 1127 1381 personae
1143 1327 1361 1381 Cyclopis)
1379 1327 1484 1366 Ἀλλ’
1503 1325 1626 1366 aava&
1639 1342 1721 1377 μα,-

445 1384 544 1422 viem
562 1405 620 1420 —.
633 1383 735 1434 Ergo
748 1382 849 1421 reste
863 1383 1023 1434 quadrat
1037 1382 1309 1432 ἑπιμεμῃνέναι
1332 1380 1380 1431 τῇ
1395 1381 1600 1430 Γαλατείᾳ.
1618 1379 1719 1421 Usus

445 1436 557 1476 verbi
572 1434 890 1490 frequentiffimus
907 1436 945 1475 δι
960 1436 1136 1475 Homero
1147 1447 1265 1475 notus
1279 1435 1319 1474 ll.
1337 1440 1361 1474 Z
1375 1466 1386 1484 ,
1409 1435 1492 1474 160.
1509 1435 1663 1496 perinde
1674 1447 1720 1476 ac

446 1491 742 1543 περιμαίνεσῧοιι
757 1492 842 1529 τινὰ
855 1490 917 1529 vel
932 1490 1021 1536 τινὶ,
1037 1490 1294 1539 ἑμμαιίνεσῧοιι
1306 1520 1318 1537 ,
1335 1503 1569 1540 περιμανως,
1579 1489 1722 1539 ἐπιμει-

447 1543 531 1591 νῶς,
545 1544 719 1594 ἑμμιινῶς
734 1542 851 1597 ἔχειν.
865 1544 1039 1583 Luciano
1053 1542 1174 1583 Doris
1192 1556 1269 1583 una
1281 1543 1504 1588 Nereidum,
1517 1543 1556 1581 in
1569 1555 1651 1595 quo
1665 1541 1722 1582 se·

446 1599 581 1650 quitur
602 1600 818 1638 Homerum
839 1598 880 1637 Il.
895 1603 926 1637 Σ
937 1628 947 1644 ,
965 1610 1026 1649 45.
1048 1598 1127 1637 aliis
1143 1598 1278 1637 eodem
1293 1597 1448 1637 nomine
1460 1596 1608 1637 Oceani
1622 1595 1722 1644 filia,

445 1651 637 1692 Galateae
652 1664 770 1691 mater
785 1664 794 1690 ε
812 1653 867 1689 At
877 1653 958 1691 mihi
969 1682 980 1698 ,
998 1651 1053 1691 cui
1060 1665 1159 1702 pater
1170 1653 1212 1702 est
1226 1652 1371 1698 Nereus,
1407 1666 1484 1690 uam
1497 1651 1630 1690 caerula
1638 1653 1724 1690 Do·

452 1707 501 1746 ris
517 1707 639 1746 Enixa
653 1708 696 1759 est
709 1729 753 1735 —
763 1705 881 1745 Ovid.
893 1706 1051 1745 Metam.
1065 1704 1171 1753 XIII,
1186 1719 1278 1754 742,
1291 1718 1368 1746 con
1386 1705 1531 1744 entiens
1543 1718 1630 1744 cum
1644 1705 1723 1744 He-

449 1759 573 1800 fiodo.
587 1760 754 1799 Fabulae
767 1791 779 1806 ‚
793 1761 903 1799 cuius
920 1760 959 1798 in
975 1760 1153 1799 Homero
1171 1760 1212 1799 &
1233 1759 1421 1813 Euripidis
1444 1757 1622 1812 Cyclope
1638 1759 1724 1798 nul-

451 1814 536 1853 lum
557 1814 678 1854 exstat
703 1813 902 1866 vestigium
918 1843 929 1860 ‚
949 1813 1144 1852 amtorem
1162 1812 1414 1852 Philoxenum
1431 1813 1579 1852 tradidit
1597 1812 1725 1854 Duris

454 1867 602 1920 (Θοῦρις
617 1867 756 1932 editur)
774 1869 875 1920 apud
890 1866 1015 1907 Schol.
1031 1867 1201 1907 Theocr.
1217 1867 1261 1906 ad
1278 1867 1358 1906 Eid.
1373 1866 1458 1912 VI,
1475 1881 1512 1918 7.
1527 1865 1725 1919 Polyphe-

453 1935 542 1961 mus
559 1921 625 1961 Σιέι
639 1921 704 1961 τήν
718 1922 882 1967 ευβοσίοιν
903 1920 976 1961 τῶν
996 1921 1218 1971 ἓῑρεμμέιτων
1233 1922 1295 1960 καὶ
1309 1919 1375 1960 τοῦ
1387 1919 1590 1974 γάλακτος
1603 1932 1725 1959 πολυ-

454 1975 634 2015 σλςὶθειαν
645 1975 828 2015 Galateae
840 1974 970 2015 fanum
983 1976 1027 2014 ad
1036 1975 1201 2014 Aetnam
1216 1975 1422 2014 dedicarat:
1438 1975 1628 2013 rationem
1640 1975 1726 2015 eius

456 2030 510 2068 rei
524 2043 612 2069 cum
627 2029 858 2069 Philoxenus
871 2029 1084 2081 Cytherius
1098 2030 1135 2067 in
1156 2028 1319 2068 Siciliam
1334 2028 1480 2068 delatus
1502 2029 1547 2067 ad
1560 2027 1726 2080 Diony-

456 2082 553 2122 sium
569 2095 753 2136 exputare
770 2096 849 2122 non
872 2082 992 2136 poss'et
1005 2114 1015 2129 ,
1035 2082 1146 2121 finxit
1165 2082 1449 2136 Polyphemum
1469 2080 1547 2134 ἑρᾷν
1562 2080 1629 2122 τῆς
1651 2087 1724 2121 Γοι-

458 2138 628 2176 λατείας·
645 2150 746 2176 certe
762 2137 960 2177 Galateam
980 2136 1082 2176 istius
1097 2139 1236 2190 poetae
1248 2138 1389 2184 drama,
1409 2135 1488 2176 five
1504 2135 1726 2189 Cyclopem

458 2202 610 2230 veteres
621 2191 774 2230 laudant
785 2220 794 2236 ,
811 2192 916 2243 quod
929 2204 1050 2230 unum
1067 2189 1181 2230 fuerit
1195 2203 1314 2243 opus,
1330 2203 1376 2230 an
1391 2189 1530 2243 duplex
1543 2203 1588 2230 ac
1601 2191 1728 2231 diver-

459 2243 545 2284 sum
558 2276 568 2293 ‚
584 2244 813 2296 disquirendi
828 2245 937 2284 locus
952 2258 1031 2284 non
1043 2244 1116 2284 est:
1138 2245 1225 2284 vide
1240 2244 1381 2283 Athen.
1396 2243 1433 2288 Ι.
1448 2256 1532 2297 pag.
1548 2243 1587 2289 6,
1602 2257 1644 2294 7,
1659 2243 1727 2284 ubi

459 2299 788 2338 narratiunculam
803 2300 974 2338 invenies
985 2299 1084 2338 haud
1097 2298 1284 2338 inficetam
1299 2298 1343 2337 de
1352 2297 1564 2337 Philoxeno
1574 2298 1620 2338 ad
1632 2297 1729 2338 mul-

460 2352 542 2391 lum
557 2353 593 2391 in
611 2351 736 2392 mensa
751 2352 963 2404 appositum
978 2353 1016 2391 in
1029 2365 1159 2392 aurem
1175 2352 1371 2404 loquente.
1384 2352 1526 2398 Porto,
1541 2352 1727 2405 quemad·

461 2407 622 2445 modum
636 2406 828 2460 Euripides
844 2407 882 2445 &
905 2406 1057 2453 Noster,
1071 2405 1120 2445 s1C
1134 2405 1392 2459 cuiuscunque
1403 2406 1545 2446 ordinis
1567 2404 1727 2459 scripto-

460 2473 522 2499 res
535 2460 818 2512 Polyphemum
834 2461 879 2500 ad
894 2461 1059 2500 Aetnam
1073 2459 1262 2500 collocare
1275 2459 1412 2500 solent:
1432 2460 1507 2500 hoc
1517 2459 1566 2498 ab
1578 2460 1728 2499 Home-

461 2527 510 2554 ro
526 2513 682 2568 prorsus
695 2514 875 2556 abhorret
884 2544 898 2563 ,
917 2514 946 2554 si
959 2514 1188 2557 Cluverium
1205 2514 1393 2562 audimus,
1411 2514 1478 2569 qui
1491 2513 1620 2555 multiS
1631 2524 1728 2562 cong
