1748 3420
432 235 525 279 402
626 210 1513 260 ANNOTATIONES

428 303 593 345 Noster:
615 303 698 356 περὶ
720 304 784 342 τὶν
796 298 880 354 '‘Apn
906 300 992 354 ἔχει
1011 302 1064 340 τὰ
1076 300 1222 340 πολλὰ·
1237 301 1291 338 τὰ
1305 303 1439 340 πολλὰ
1451 296 1709 353 τερατευόμε-

429 371 498 399 νος·
515 356 618 410 ληρεῖ
631 360 684 395 τὰ.
700 356 845 395 πολλά·
861 356 985 409 γελῶν
998 356 1050 392 τὰ.
1069 353 1214 393 πολλοὶ·
1237 351 1338 403 νῆμα
1358 354 1638 407 ἑπιπλεγμένον
1652 367 1708 405 ’γε

427 414 483 450 τὰ
494 409 640 450 πολλοὶ·
657 422 734 450 non
755 409 862 448 aliter
875 407 1104 462 capiendum
1127 408 1166 446 in
1181 406 1378 446 Prometh.
1392 420 1475 461 cap.
1489 412 1529 456 6,
1545 419 1629 460 pag.
1643 421 1708 456 24,

427 465 494 505 vel
511 465 635 504 invito
648 463 778 503 clariff.
796 463 838 502 L.
851 463 942 502 Bos.
961 462 1126 501 HEMST.

482 522 559 557 ead.
571 519 595 558 l.
608 531 644 570 9.
658 516 822 569 Κέρατα)
838 516 906 555 Per
919 517 1063 567 κέρατα
1075 513 1272 566 captiosos
1285 512 1529 566 syllogismos
1544 514 1591 553 ad
1603 514 1708 555 hunc

427 573 587 612 modum
604 571 796 610 conflatos
813 569 990 620 intelligit
1004 567 1268 621 Chrysippus:
1296 567 1332 606 εἴ
1346 582 1383 606 τι
1405 565 1472 606 οὐκ
1491 568 1708 615 ἀπέβαλες,

428 624 536 665 τοῦτ’
549 624 603 679 ἕχ
606 638 671 664 εις·
689 626 833 674 κέρατα
852 623 891 662 θ’
906 621 972 662 οὐκ
988 621 1197 667 ἀπέβαλες·
1219 622 1366 673 κέρατα
1382 619 1456 672 ἄρα.
1469 619 1584 674 ἔχεις.
1601 624 1709 673 Quod

427 695 497 719 non
516 679 705 732 perdidisti,
725 678 850 716 habes.-
875 677 1010 716 Cornua
1033 692 1101 715 non
1117 675 1292 728 perdidisti
1303 690 1313 713 :
1341 676 1479 714 Cornua
1496 689 1571 727 ergo
1590 677 1703 716 habes.

426 733 576 773 COGN.
597 734 673 772 Διὲι
695 734 758 770 τὸν
776 731 966 781 κερατίνην
984 728 1118 782 ›xil-you,
1143 729 1208 767 καὶ
1231 731 1295 767 τὸν
1311 727 1615 780 κροκοὲειλείτην.
1641 729 1707 769 De

427 788 570 840 quibus
590 787 628 824 in
643 785 764 824 Vitar.
778 785 878 824 zm&-
897 783 1073 822 BOURD.
1100 783 1274 821 Ceratinae
1294 782 1329 819 6³
1355 782 1584 821 crocodilinae
1602 799 1707 836 quae-

421 842 546 895 stiones
558 839 859 890 &ambiguitateu
876 836 1046 889 Quintil.
1063 836 1089 875 Ι.
1104 837 1274 875 Voasr.
1286 834 1541 887 philosophos
1554 849 1708 884 omnes,

427 893 648 949 praesertim
664 893 833 939 Stoicos,
847 891 906 929 hic
923 891 1062 942 carpit,
1077 890 1219 942 quibus
1233 888 1487 942 sophisticatio
1502 889 1562 928 illa
1577 890 1614 929 in
1634 903 1706 932 ore

431 948 636 1001 frequens:
667 948 774 997 Quod
794 961 861 984 non
880 944 1015 996 amisisti
1027 973 1039 990 ,
1059 944 1182 983 habes:
1205 945 1343 983 Cornua
1362 959 1429 982 non
1449 944 1583 996 amtfisti
1597 959 1609 982 .·
1630 960 1707 999 ergo

431 1005 568 1043 Cornua
589 1000 702 1039 hahes.
724 997 935 1050 Vide‘Eppe.
950 1011 984 1037 c.
997 996 1060 1036 81.
1077 998 1190 1037 Unde
1210 997 1378 1050 primus,
1399 996 1437 1035 ni
1463 995 1588 1046 fallor,
1606 1011 1706 1038 con·

429 1057 523 1095 iicio
543 1054 684 1093 facium
698 1083 712 1100 ,
726 1065 769 1092 ut
784 1051 913 1105 postea
929 1067 1055 1091 cornua
1069 1052 1201 1090 maritis
1212 1053 1291 1102 fieri
1313 1051 1361 1089 ab
1377 1051 1553 1090 adulteris
1571 1053 1706 1092 uxori-

426 1110 502 1148 bus
520 1109 731 1155 diceretur3
753 1107 859 1159 quod
880 1105 1120 1145 Artemidori
1146 1106 1220 1144 iam
1241 1116 1365 1144 aetate
1386 1105 1422 1143 in
1447 1105 1706 1157 proverbium

427 1162 558 1202 abiisse
567 1160 792 1201 observavit
808 1160 872 1199 Ez.
887 1159 1090 1213 Spanhem.
1106 1157 1204 1198 Diff.
1215 1159 1309 1206 VII,
1322 1172 1358 1210 p.
1370 1170 1464 1207 402,
1473 1171 1590 1212 quem
1600 1160 1704 1201 vide.

427 1217 560 1256 Locus
571 1225 700 1254 autem
714 1214 970 1259 Artemidori,
982 1225 1097 1266 quem
1110 1213 1252 1262 laudat,
1268 1211 1389 1252 exstat
1402 1213 1440 1250 in
1450 1211 1662 1253 Onirocrit.
1679 1213 1706 1256 l.

426 1270 492 1317 ΙΙ,
515 1282 597 1322 cap.
615 1283 629 1308 1
642 1283 656 1307 1
673 1283 682 1307 :
697 1262 782 1306 Ὅτι
798 1265 816 1308 ἦ
832 1265 932 1319 ’γυνή
949 1281 1013 1306 σου
1029 1266 1231 1317 πορνεύσει,
1250 1266 1315 1305 καὶ
1330 1269 1390 1304 ΤΟ
1412 1270 1705 1315 ΛΕΓΟΜΕΝΟΝ,

427 1326 600 1363 KEPATA
621 1318 728 1370 αὐτῷ
741 1325 940 1360 ΠΟΙΗΣΕΙ.
955 1321 1099 1360 Haeret
1121 1321 1235 1359 etiam
1256 1320 1317 1359 hic
1333 1320 1538 1373 Menagius
1553 1320 1592 1359 in
1610 1321 1703 1361 Lex.

426 1377 562 1429 Etym.
577 1390 618 1416 v.
636 1377 751 1415 Corne.
773 1376 899 1414 Vetus
916 1375 1010 1414 haec
1031 1373 1310 1427 Sophisticatio.
1333 1373 1452 1426 Diog.
1471 1374 1596 1414 Laert.
1615 1387 1704 1427 pag.

431 1446 447 1471 1
457 1445 507 1483 47
519 1432 570 1471 A.
586 1430 650 1470 De
664 1428 788 1483 phrasi
801 1427 934 1469 confer
951 1428 1047 1482 Tm.
1065 1441 1098 1469 c.
1108 1428 1174 1475 81,
1184 1427 1264 1468 Ἃλ.
1277 1441 1312 1468 c.
1331 1441 1346 1467 1
1359 1441 1393 1478 1,
1408 1428 1579 1468 ὃιἘκκλ.
1591 1440 1624 1468 c.
1639 1442 1704 1476 10,

426 1489 466 1526 B.
481 1500 545 1537 πρ.
565 1497 598 1524 c.
617 1498 681 1524 22.
708 1483 867 1525 SOLAN.

481 1542 556 1578 ead.
569 1541 593 1578 l.
608 1550 666 1577 10.
678 1535 953 1590 Κροκοέείλους)
967 1535 1202 1588 Κροκόὃειλος
1214 1534 1406 1590 sophisma
1415 1547 1464 1576 ex
1476 1535 1606 1576 fabula
1616 1549 1705 1576 mu-

424 1594 528 1633 lieris
542 1593 764 1645 Aegyptiae
785 1589 1005 1631 huiusmodi
1024 1603 1168 1630 nomen
1183 1590 1295 1630 habet
1309 1622 1319 1639 ,
1334 1591 1443 1630 cuius
1461 1591 1701 1630 mentionem

426 1648 517 1687 facit
538 1647 730 1686 Lucianus
746 1647 783 1684 in
801 1646 982 1685 Vitarum
996 1644 1177 1684 auEtione
1193 1643 1260 1683 sub
1274 1644 1404 1683 finem.
1433 1643 1703 1696 Quintilianus

426 1702 492 1740 lib.
507 1701 543 1749 I,
560 1714 592 1741 c.
612 1714 659 1739 10
669 1729 682 1745 ,
701 1700 869 1738 ceratinas
882 1698 923 1738 δέ
935 1700 1154 1738 crocodilinas
1170 1699 1406 1750 ambiguitates
1418 1697 1596 1751 appellat.
1627 1697 1700 1738 Fa-

425 1755 557 1795 bulam
573 1753 762 1793 crocodili
778 1753 1030 1792 tractavimus
1054 1754 1094 1792 in
1116 1751 1256 1792 nostris
1280 1752 1576 1792 Narrationibus
1590 1753 1654 1791 lib.
1670 1752 1705 1793 L·

424 1808 575 1851 COGN.
592 1806 764 1860 Respicit
785 1808 843 1847 hic
858 1807 959 1846 aliud
975 1807 1265 1859 argumentandi
1278 1819 1398 1859 genus
1409 1834 1420 1854 ‚
1444 1807 1548 1859 quod
1562 1819 1585 1845 a
1597 1804 1702 1846 Cro-

425 1864 557 1903 codilo
575 1874 719 1901 nornen
741 1861 865 1900 habet.
887 1862 1106 1907 Crocodilus,
1135 1861 1383 1914 inquiebant,
1407 1873 1541 1913 raptum
1559 1875 1702 1914 puerum

426 1918 629 1956 redditurum
634 1914 675 1967 fi*
681 1914 826 1968 spondet
842 1931 954 1954 verum
965 1914 1194 1967 respondenti:
1209 1915 1389 1967 statimque
1409 1928 1508 1966 rogat
1519 1944 1531 1960 ,
1554 1915 1701 1954 redditu-

426 1972 526 2023 rusne
535 1974 585 2023 fit
597 1984 759 2023 puerum,
779 1985 824 2007 an
841 1985 921 2009 non.
940 1969 1050 2008 Haec
1064 1969 1105 2008 &
1119 1967 1306 2008 eiusmodi
1320 1977 1449 2021 ἀπομι
1463 1967 1701 2022 philosophis

424 2025 489 2065 illa
505 2035 653 2070 aetate,
672 2024 884 2063 iuventutis
905 2023 1142 2062 exercendae
1159 2021 1293 2068 causa,
1317 2033 1383 2062 aut
1399 2035 1482 2075 quo
1500 2022 1701 2064 illiteratos

424 2079 604 2119 homines
615 2077 877 2131 illaquearent,
889 2089 1111 2130 proponere
1123 2075 1291 2116 solemne
1304 2088 1398 2115 erat.
1413 2077 1466 2116 V.
1481 2075 1576 2129 Ἑρμ.
1586 2088 1618 2116 c.
1632 2077 1656 2116 8
1666 2090 1700 2126 1,

425 2133 470 2171 δε
491 2138 527 2172 Β.
541 2149 603 2185 πρ.
621 2145 705 2185 cap.
722 2145 770 2170 22
783 2162 794 2179 ‚
815 2130 937 2184 Diog.
950 2130 1075 2170 Laert.
1093 2145 1128 2183 p.
1145 2132 1211 2176 60,
1232 2131 1272 2170 &
1287 2130 1452 2170 Aldobr.
1466 2130 1560 2170 Not.
1579 2143 1617 2182 p.
1633 2130 1700 2171 88.

422 2186 527 2226 Idem
542 2186 745 2240 Diogenes
766 2185 876 2238 plura
890 2182 1075 2225 eiusmodi
1095 2185 1256 2237 ἀπόρους
1272 2184 1414 2238 λόγους
1427 2184 1603 2225 nominat
1623 2197 1698 2238 ¹74

422 2240 468 2280 E.
487 2242 556 2294 183
572 2240 615 2280 F.
641 2240 800 2281 SOLAN.

476 2298 550 2334 ead.
576 2296 600 2333 l.
622 2307 636 2332 1
648 2308 679 2333 1.
694 2290 849 2344 Ἐρωτᾷν
869 2290 1032 2333 sesain.
1045 2295 1106 2333 ’th
1128 2290 1225 2346 νοῦν)
1238 2293 1410 2333 Venerat
1424 2292 1517 2333 olim
1534 2292 1571 2332 in
1587 2306 1695 2333 men-

422 2359 499 2388 tem
513 2346 652 2401 ἑρευνᾷν
669 2379 680 2395 ,
697 2347 812 2387 dictio
831 2346 969 2386 scilicet
987 2346 1242 2386 consentanea
1260 2346 1313 2396 τῷ
1329 2347 1386 2396 νῷ,
1409 2347 1472 2387 cui
1484 2360 1618 2400 pamm
1629 2359 1698 2388 ac.

423 2413 559 2442 curate
573 2403 744 2454 iungitur
758 2399 903 2453 ἐρωτᾷν.
918 2401 1069 2440 Verum
1087 2401 1243 2441 minime
1258 2401 1532 2454 repudiandum
1550 2400 1605 2440 est
1616 2401 1697 2453 ἐρω-

423 2455 510 2507 τᾷν,
522 2457 568 2495 de
579 2455 901 2509 philosophorum
913 2456 1056 2494 mutuis
1072 2455 1420 2508 interrogationum
1434 2455 1595 2508 laqueis,
1609 2455 1696 2507 qui-

422 2511 495 2552 bus
514 2508 589 2551 sese
612 2510 779 2552 invicem
804 2509 952 2550 irretire
977 2509 1240 2556 conabantur,
1272 2509 1437 2550 verbum
1459 2521 1580 2563 paene
1601 2520 1693 2562 pro:
