1748 3420
453 251 541 312 388
650 248 1578 299 ANNOTATIONESr

449 350 502 375 m
516 366 525 383 ‚
541 335 606 374 καὶ
629 335 803 385 λουομένη
818 336 942 376 ἐνίοτε·
966 349 1054 377 nam
1067 338 1211 378 vocula
1224 339 1433 391 postrema,
1447 353 1563 394 quam
1584 348 1710 394 prava

446 387 673 428 cun&arum
688 390 768 428 edd.
784 389 1018 432 distinetione
1030 392 1174 443 decepti
1196 393 1423 445 interpretes
1438 396 1482 434 ad
1497 393 1635 446 εὔχετο
1646 408 1719 434 re·-

447 443 630 487 tuierunt‚
651 456 740 482 cum
755 444 877 484 verbo
892 444 1062 494 λουομένη
1077 444 1154 484 fine
1169 446 1433 486 controversia
1447 446 1624 487 conneffi
1638 448 1728 495 den„

446 495 529 535 bet:
555 495 684 535 voluit
692 497 897 544 Lucianus,
908 498 1026 548 Tyro
1045 499 1089 536 ad
1105 499 1205 550 ripas
1219 498 1430 538 exsternata
1449 511 1575 541 mente
1587 500 1705 540 ober-
1721 505 1725 512 ⁴

443 549 561 594 raffe,
584 549 702 589 immo
716 562 910 602 praeterea
924 551 1085 590 fluvium
1110 551 1307 603 ingreffam
1331 552 1462 601 fuiffe,
1479 556 1570 606 quin
1584 554 1703 595 etiam

444 602 670 654 aliquando,
687 603 815 655 pofitis
828 603 997 644 vestibus
1010 635 1020 651 ‚
1044 604 1081 644 se
1094 604 1234 644 lavisse,
1246 606 1486 658 Torpentem
1500 605 1677 660 ριόῑεᾶο
1687 636 1705 654 ,
1722 634 1728 642 ·

444 656 484 695 δι
498 656 643 695 lentum
656 668 865 697 amatorem
879 657 1081 710 Enipeum,
1094 659 1159 710 qui
1171 659 1411 699 occationem
1429 671 1585 707 tantam,
1599 670 1701 700 tam-
1723 677 1729 682 ⁴

442 723 519 762 que
539 722 708 763 optatam
732 710 909 750 amiserit!
938 724 1018 750 non
1039 713 1091 750 ita
1111 713 1334 764 Neptunus,
1359 714 1484 753 acrior
1502 714 1540 752 in
1561 713 1701 760 bellas,

441 776 539 810 nec,
561 765 627 816 qui
652 764 926 804 Scamandrum
947 763 1168 813 fimulabat,
1195 764 1338 804 Cimon
1352 767 1452 820 apud
1469 765 1700 808 Aeschinem

440 817 508 869 Ep.
524 818 571 856 X.
590 818 680 856 Vid.
694 817 848 857 Aristid.
870 817 994 857 Isthm.
1009 832 1043 871 p.
1060 833 1122 868 47.
1147 819 1308 858 HEMST.

493 876 568 909 ead.
585 872 607 908 l.
630 885 688 911 12.
715 870 913 921 Ου’μενουνς
934 870 1019 916 ἔφυς
1031 874 1110 922 γὰρ
1129 872 1267 924 ἀπιὼν)
1294 872 1467 912 Delenda
1487 873 1702 927 interroga-v

440 925 519 970 tio,
535 924 573 964 δι
595 926 935 978 interpretandum:
955 927 1190 978 Nequaquam.
1212 927 1323 978 dixisti
1343 928 1429 964 enim
1447 927 1570 967 abiens.
1596 929 1698 968 Ver-

437 990 528 1017 tunt
544 978 692 1018 inicite:
716 979 891 1017 Nihilne?
915 979 1025 1031 dixisti
1047 980 1130 1017 enim
1151 980 1275 1018 abiens.
1301 981 1398 1020 Mox
1413 980 1469 1019 ἳτι
1487 983 1540 1019 τὰ
1555 981 1627 1030 ἐμὰ
1647 980 1701 1021 σὺ

438 1029 623 1083 εὐφραίνου
635 1032 728 1071 τότε
749 1031 800 1070 est
812 1063 824 1079 ‚
845 1034 936 1085 quod
953 1045 990 1071 tu
1006 1049 1110 1071 meam
1127 1033 1247 1079 vicem,
1273 1032 1336 1072 seu
1349 1065 1359 1080 ‚
1378 1049 1448 1073 meo
1467 1035 1539 1073 loco
1552 1046 1623 1074 tum
1633 1050 1696 1073 νο-

437 1087 596 1136 luptatem
611 1087 738 1138 cepisti:
768 1086 971 1126 sexcenties
991 1088 1043 1124 τὰ
1066 1087 1139 1136 ἐμὲ.
1161 1085 1211 1126 sic
1231 1087 1415 1140 accipitur
1439 1088 1538 1140 apud
1560 1088 1698 1129 Lucia-

436 1152 541 1177 num.
567 1138 739 1178 GRAEV.

453 1219 455 1224 -
488 1195 559 1231 ead.
569 1194 658 1240 l.14.
671 1194 911 1244 Περιστίιο-οις
919 1192 1112 1245 πορφύρεόν
1128 1208 1164 1232 τι
1176 1192 1300 1246 κῦμα)
1310 1194 1474 1234 Homeri
1485 1207 1604 1247 paene
1614 1208 1698 1235 ver-

434 1245 481 1284 ba
497 1245 572 1299 ipsa
589 1245 754 1299 servavit
770 1246 846 1286 Od.
858 1253 901 1294 Α,
918 1261 1012 1295 242:
1029 1247 1221 1299 Πορφυρεον
1234 1248 1271 1285 5³
1287 1263 1360 1299 αροι
1377 1247 1481 1297 κῦμα
1503 1250 1700 1300 περιστά-“

434 1304 498 1345 Ξη,
512 1300 606 1350 οὔρεϊ
618 1303 708 1347 ἶσον,
722 1300 911 1351 Κυρτωὸέν·
925 1299 1058 1352 κρύψεν
1069 1315 1113 1339 τε
1125 1303 1218 1347 δέον,
1231 1301 1362 1341 ἔπη-τήν
1376 1316 1418 1341 τε
1429 1301 1610 1353 γυναῑιιοι.
1627 1304 1693 1343 ubi

433 1366 584 1393 veteres
602 1354 852 1394 Grammatici
867 1354 1096 1406 simpliciter,
1111 1366 1152 1392 ut
1162 1354 1244 1393 aliis
1257 1356 1294 1394 in
1309 1355 1414 1401 locis,
1425 1353 1614 1408 πορφύρεον
1625 1369 1698 1396 ex-

433 1420 586 1459 ponunt
603 1408 740 1458 μέλοιν,
760 1409 889 1461 nigrum
910 1424 952 1447 ex
977 1409 1174 1452 altitudine,
1189 1409 1511 1460 quemadmodum
1535 1408 1694 1451 Servius

433 1463 484 1499 ait
505 1462 550 1501 ad
562 1463 596 1501 V
605 1462 699 1514 irgil.
715 1462 862 1514 Georg.
875 1462 948 1508 IV,
967 1477 1053 1514 373.
1080 1463 1195 1514 paulo
1209 1463 1314 1501 aliter
1336 1464 1481 1515 accepit
1495 1462 1696 1504 Philostra-

431 1525 508 1563 tus,
525 1517 565 1555 &
575 1515 620 1555 ad
636 1516 722 1557 leffl
736 1516 889 1568 genialis
905 1527 1172 1555 ornamentum
1187 1517 1374 1567 pertinere
1388 1517 1543 1556 credidit
1553 1516 1693 1558 ssuRus

430 1569 563 1609 colore
578 1582 772 1622 purpureo
786 1569 1052 1608 tine'tiflorem.
1076 1570 1162 1609 vide
1177 1569 1280 1610 icon.
1294 1569 1353 1616 11,
1374 1583 1406 1609 c.
1422 1570 1465 1615 8,
1483 1569 1521 1618 1,
1543 1570 1633 1618 c.8‚
1654 1585 1692 1625 p.

428 1637 478 1673 77
489 1636 523 1675 5,
536 1623 576 1662 δι
590 1623 808 1670 Olearium,
823 1624 900 1669 cui,
914 1634 955 1662 ut
968 1623 1020 1662 est
1033 1624 1205 1662 acumine
1218 1624 1329 1676 plane
1339 1622 1513 1676 fingulari
1524 1654 1536 1672 ,
1548 1624 1692 1665 allude·

430 1690 472 1715 re
488 1676 590 1716 visus
603 1676 677 1716 fuit
690 1678 734 1717 ad
747 1678 904 1717 Luciani
925 1677 1053 1716 locum
1073 1677 1338 1717 Philostratus:
1366 1675 1427 1717 sed
1449 1690 1496 1717 ne
1511 1679 1690 1730 graviora

429 1731 606 1782 quidem,
629 1744 727 1783 quae
749 1732 802 1770 ibi
819 1730 1013 1771 ‘commisit
1027 1761 1038 1777 ,
1061 1741 1218 1783 tangere
1231 1744 1331 1771 nunc
1345 1730 1397 1770 est
1410 1732 1568 1771 animus.
1584 1726 1601 1741 ⁶

428 1785 464 1824 in
481 1784 628 1824 cunctis
641 1786 721 1824 edd.
744 1798 934 1824 annexum
959 1784 1012 1834 τῷ
1033 1783 1217 1832 micea,
1240 1785 1347 1838 quod
1368 1783 1440 1825 isto
1466 1785 1687 1827 adiumento

427 1839 580 1878 minime
595 1839 804 1891 indigebat,
823 1839 956 1878 reduxi
970 1838 1014 1878 ad
1029 1839 1268 1890 συνέκρυπτε.
1296 1840 1459 1879 HEMST.
1687 1864 1691 1866 -

481 1895 555 1930 ead.
577 1893 601 1931 l.
634 1905 692 1941 15.
720 1892 941 1946 Πορφυρεον)
973 1894 1163 1932 Caeruleum
1176 1908 1187 1931 .·
1214 1905 1303 1936 nam
1334 1906 1549 1946 purpureus
1573 1893 1687 1934 color

423 1945 533 1997 saepe
548 1959 634 1986 cum
650 1946 905 1997 hyacinthino
919 1945 1092 1986 miscetur
1104 1960 1115 1994 3
1133 1947 1240 1985 cuius
1252 1947 1304 1986 rei
1320 1948 1429 1996 plura
1441 1977 1453 1993 ,
1467 1960 1592 1999 eaque
1605 1960 1688 1987 cer-

422 1999 559 2039 tiffima
573 2012 796 2053 argumenta
816 2000 975 2054 protulit
994 2000 1093 2040 Sam.
1115 2000 1295 2040 Bochart.
1315 2001 1469 2040 Hietoz.
1490 2000 1530 2040 P.
1543 2001 1601 2050 11,
1619 2001 1687 2042 lib.

422 2054 477 2102 V,
495 2067 526 2094 c.
547 2068 605 2093 10.
633 2053 758 2093 CLER.

477 2110 566 2159 Pag.
583 2122 597 2146 1
608 2122 670 2147 20.
685 2109 710 2147 l.
720 2123 756 2156 4.
769 2107 965 2160 Νηρηῖἒες)
978 2108 1154 2148 Thomas
1165 2107 1269 2160 Mag.
1282 2118 1484 2162 utramque
1498 2106 1684 2149 scribendi

420 2161 584 2201 formam
599 2161 724 2213 anni3
737 2162 778 2201 δι
790 2161 914 2212 Νηρεῗς
923 2161 994 2201 usu
1010 2162 1256 2214 comprobari
1274 2175 1434 2202 monens
1445 2191 1456 2209 ,
1472 2175 1545 2215 pro
1557 2162 1618 2202 illa
1630 2163 1685 2202 ci-

422 2227 476 2254 tat
485 2214 687 2255 Aristidem
701 2216 734 2255 ἑν
745 2215 798 2264 τῷ
810 2215 862 2256 εἰς
875 2215 1000 2268 (πρὸς)
1012 2217 1202 2268 Ἀχιλλέα,
1213 2214 1480 2267 πρεσβευτικῷ,
1495 2228 1610 2268 quem
1623 2216 1683 2256 Ιο-

419 2282 509 2308 cum
524 2270 695 2309 invenies
705 2283 739 2321 p.
756 2284 803 2322 32
814 2283 824 2316 3
837 2283 909 2322 pro
919 2269 1034 2309 altera
1044 2269 1253 2309 Lucianum
1263 2270 1324 2309 dat
1337 2270 1549 2315 auctorem,
1561 2272 1604 2308 το
1615 2269 1684 2309 κῦ-

418 2338 481 2363 τος
494 2322 604 2374 ὑμῶν,
621 2318 647 2363 ὦ
663 2322 846 2374 Νηρεῖἒες.
863 2322 993 2368 Κῦτος,
1017 2335 1057 2362 ut
1071 2322 1179 2362 facile
1193 2334 1316 2375 patet,
1340 2323 1523 2364 vitiosum
1536 2322 1589 2362 est
1608 2336 1684 2376 pro
1719 2319 1728 2328 '

417 2376 538 2426 κῆτος,
554 2390 652 2430 quae
665 2390 785 2416 voces
798 2378 935 2416 crebro
947 2376 1014 2416 fibi
1035 2377 1175 2416 mutuis
1193 2376 1329 2417 infidiis
1348 2377 1513 2418 invicem
1525 2388 1680 2421 nocent.

416 2432 461 2470 In
473 2431 648 2482 Νηρηϊὸες
661 2430 751 2470 nihil
765 2429 935 2470 offerunt
947 2431 1170 2470 variationis
1186 2430 1248 2470 seu
1262 2431 1382 2483 scripti
1391 2431 1475 2470 libri
1485 2460 1496 2478 ,
1510 2429 1591 2470 five
1603 2430 1681 2469 edi-

414 2487 442 2524 ti
456 2500 464 2523 :
482 2497 607 2524 tamen
621 2484 697 2524 Pro
708 2484 866 2537 Imagin.
877 2498 910 2524 c.
924 2498 962 2534 7,
976 2484 1097 2524 καίτοι
1116 2485 1280 2535 Νηρείων
1293 2485 1404 2525 ἐκείνη
1426 2483 1678 2537 (Caffiopeia)

414 2538 701 2592 ἁντεξετέιζετο.
716 2540 774 2579 Ex
786 2539 1064 2579 commentario
1075 2538 1200 2578 Bacch
1206 2538 1315 2590 ylidis
1328 2539 1458 2591 Lyrici
1477 2537 1678 2579 discrimen
