1748 3420
173 223 259 269 IN
302 221 745 271 DIALOGOS
792 225 1156 274 DEORUM.
1209 245 1295 293 321

41 308 205 350 sodalem
228 324 272 351 ac
293 311 511 352 consortem
535 312 673 358 faciat,
695 313 819 352 minus
835 314 1059 356 observatae
1081 328 1303 371 temporum

42 366 202 403 rationis
215 365 334 404 dicam
349 364 495 412 scribat,
519 366 806 405 excusationem
824 367 891 405 fibi
905 381 1072 420 paratam
1090 372 1241 412 habebit
1253 385 1302 412 ex

43 417 229 465 aliorum,
248 431 347 470 quos
361 418 447 458 sane
463 420 606 458 multos
629 419 780 458 laudare
794 422 940 471 potest,
961 435 1091 463 errore
1107 424 1237 465 simili:
1259 439 1306 465 re·

39 471 141 509 enim
156 484 249 510 vera
262 472 402 511 Bacchi
420 473 456 511 in
479 473 621 511 Indiam
636 474 825 524 expeditio
839 502 850 518 ‚
874 477 932 512 cui
959 476 1032 514 Pan
1051 477 1219 517 interfuit
1240 478 1301 518 fu-

40 524 204 562 rentium
225 526 424 577 copiarum
442 526 518 564 dux
534 555 545 572 ,
567 526 733 565 centenis
759 527 908 577 aliquot
925 530 1034 568 annis
1055 530 1165 569 huius
1188 531 1300 571 Panis

39 577 119 615 nati
133 587 294 616 aetatem
309 580 521 617 antevertit.
543 577 614 617 Sed
631 579 668 617 in
696 580 751 617 his
772 579 908 618 scilicet
924 581 1103 621 fabulosis
1125 585 1220 622 intra
1233 599 1300 624 ve-

39 629 143 668 niam
157 643 317 683 peccare
331 631 545 680 censentur,
557 632 646 684 qui,
668 632 756 670 dum
781 634 951 672 ordinem
978 637 1158 687 temporis
1184 650 1227 676 ac
1252 638 1297 677 li-

39 683 148 722 mites
167 683 354 736 refigunt‚
378 686 522 725 crimen
537 685 628 724 illud
653 685 808 738 ingenio
830 686 871 725 &
895 685 1028 740 lepore
1042 690 1299 742 compensant.

41 735 209 776 HEMST.

24 823 27 826 .
93 791 202 829 ead.l.
223 805 282 843 13.
300 793 486 830 Μουσικὶς
502 790 584 842 ’γάρ
608 790 707 844 εἰμι)
731 791 790 830 Sic
813 791 850 829 in
870 792 1009 832 Bacch.
1026 794 1067 833 &
1090 800 1299 846 Δικαιστης.

37 841 206 896 Copiose
217 844 347 883 Nonn.
363 843 528 896 Dionys.
539 844 912 896 Interpr.The0criti‚
927 848 967 885 δι
980 848 1112 899 Virgil.
1124 848 1299 889 Bonan.

89 907 162 943 ead.
176 906 199 943 l.
219 918 276 954 14.
292 906 395 944 Πέωνυ
410 905 600 958 καπυρὸν)
616 908 804 957 Aecum-pm,
819 902 904 950 visi),
921 908 1012 946 utin
1027 908 1152 947 Schol.
1164 910 1297 949 Theo-

38 957 122 997 crit.
145 958 259 1009 Idyll.
277 970 325 1007 7:
350 962 510 1011 καπυρὸν
531 960 684 1008 στόμα,
705 961 891 1009 λαμπρὶν,
913 957 1008 1006 Mb,
1024 963 1294 1014 μεταφορικῶς.

36 1012 92 1050 ⁷32
113 1013 190 1064 γὲις
211 1012 360 1062 {goar-r&
375 1011 445 1051 τῶν
468 1011 690 1060 ἔθευ-μάτων
711 1009 834 1051 ivs-:em
850 1014 912 1050 τὴν
925 1012 1070 1064 γεῦσιν.
1092 1015 1236 1069 Tangit
1251 1030 1297 1056 a-

35 1063 125 1103 liam
140 1065 506 1118 interpretationem,
527 1065 568 1104 δ’.
581 1066 672 1104 haec
685 1065 804 1104 verba
828 1066 978 1117 Micyll.
996 1068 1132 1121 interp.
1147 1069 1188 1107 ln
1204 1071 1298 1123 qui-

36 1117 192 1157 busdam
205 1118 309 1158 libris
326 1118 465 1170 legitur
479 1119 638 1172 λιγυρὸν·
648 1152 650 1154 ,
662 1117 720 1158 sed
736 1123 899 1170 καπυρὶν
915 1121 1075 1160 verbum
1089 1122 1269 1163 rusticum
1282 1155 1295 1175 ‚

37 1182 83 1211 ut
97 1172 137 1210 in
153 1173 277 1225 Longi
291 1186 435 1222 ποιμεν.
450 1170 619 1222 εὖφημῶς
640 1184 766 1211 autem
782 1172 955 1212 ἐκάλεσεν
970 1179 1133 1227 καπυρὶν
1146 1179 1188 1214 τὶ)
1202 1185 1296 1230 τροι-

36 1223 96 1279 χὺ
115 1226 179 1265 καὶ
193 1226 235 1265 τὸ
255 1227 426 1278 ἄγροικον
440 1225 506 1265 τοῦ
528 1226 773 1279 συρίγματος,
787 1225 805 1263 ὃ
818 1226 862 1265 div
883 1228 1025 1280 ’γένοιτο
1041 1225 1110 1268 οἷον
1128 1230 1168 1268 ἐκ,
1184 1245 1294 1282 κεραι-

34 1279 126 1328 μέου
141 1279 289 1318 σκεύους
299 1278 620 1331 ἒιατεθρυμμένου,
635 1279 938 1331 testantmsorzitus.
947 1281 1042 1333 Qua
1055 1283 1099 1322 de
1120 1297 1161 1323 re
1178 1284 1292 1326 Isaac.

36 1331 198 1372 casaub.
219 1333 266 1372 ad
283 1332 386 1372 Suet.
404 1333 553 1372 Theod.
573 1333 720 1372 Marcil.
741 1333 787 1372 ad
798 1333 893 1373 Pers.
908 1335 1080 1375 BOURD.
1101 1341 1292 1389 Κωπυρὶν,

35 1387 141 1426 dulce.
165 1386 331 1426 GUYET.
353 1386 551 1426 Theocrit.
575 1386 681 1438 Idyll.
705 1385 782 1425 Vll
795 1417 806 1434 ‚
826 1388 964 1440 Virgil.
991 1390 1071 1429 Ecl.
1098 1390 1134 1429 II
1160 1391 1200 1431 ὅ(
1220 1392 1293 1432 IV.

35 1438 192 1479 SOLAN.
208 1441 311 1478 Πάνυ
328 1442 489 1493 καπυρὸν
501 1442 683 1493 ’γελάσας
694 1440 851 1492 Longus
870 1441 981 1481 habet
994 1442 1050 1492 ΙΙ,
1063 1456 1145 1496 pag.
1165 1459 1223 1490 34.
1239 1446 1292 1484 ibi

33 1491 356 1546 Iungermannum
382 1493 423 1532 ὅ(
447 1494 626 1533 Mollium
651 1494 711 1532 hic
741 1494 897 1534 Luciani
924 1495 1033 1535 locus
1064 1509 1143 1536 non
1167 1493 1288 1551 fugit:

35 1548 139 1598 quod
151 1546 308 1587 affertur
322 1560 369 1587 ex
384 1547 664 1600 Epigrammate
676 1577 690 1594 ,
707 1546 872 1588 Noffid{s
886 1547 939 1587 est
951 1549 1069 1589 Anth.
1093 1550 1166 1596 111,
1185 1564 1217 1591 c.
1239 1553 1263 1591 6
1277 1583 1292 1598 ,

0 1598 1 1630 ἶ
35 1600 104 1653 Ep.
124 1601 188 1640 16:
213 1603 282 1640 Καὶ
306 1604 468 1652 καπυρὶν
489 1602 666 1654 ’γελάσας
680 1602 950 1652 παραμείβεαι.
966 1602 1166 1644 ΡΙιιξὶιιειτε
1184 1606 1292 1645 viros

34 1655 205 1694 eruditos
219 1655 259 1694 in
270 1655 533 1695 constituenda
543 1655 654 1694 vocis
667 1654 851 1707 potestate
866 1656 1020 1695 minime
1031 1658 1166 1705 miror,
1181 1659 1291 1711 quip-

34 1720 84 1761 pe
95 1721 208 1761 quam
222 1707 362 1761 affequi
374 1721 453 1748 non
475 1709 581 1756 licet,
598 1708 666 1746 nis1
680 1709 836 1760 primam
852 1710 934 1747 eius
951 1711 1031 1748 vim
1046 1722 1160 1763 atque
1174 1713 1291 1764 origi-

34 1773 121 1801 nem
137 1763 276 1811 habeas
289 1762 549 1814 exploratam:
568 1775 616 1802 eo
632 1774 678 1801 ne
701 1761 904 1801 Salmasius
918 1763 1070 1815 quidem
1088 1767 1290 1817 pervenire

33 1815 186 1855 videtur
201 1815 363 1870 potuisse
378 1817 425 1855 ad
441 1816 524 1855 Ael.
540 1816 723 1868 Spartian.
744 1829 780 1869 p.
800 1829 863 1869 45.
881 1817 1004 1857 Nobis
1018 1817 1080 1857 hic
1097 1818 1292 1871 longiori-

32 1868 107 1909 bus
125 1869 199 1910 effe
214 1883 295 1909 non
315 1870 415 1909 libet.
432 1871 600 1909 Hmsr.

39 1946 45 1951 “
87 1931 178 1983 Pag.
190 1931 254 1983 78.
269 1933 292 1970 l.
311 1946 345 1971 2.
362 1932 561 1970 Ἀθηναίοις
577 1946 695 1981 συμμ.
708 1931 725 1984 )
739 1930 863 1983 Quod
878 1931 931 1970 ait
948 1930 1049 1971 Gilb.
1063 1931 1264 1984 Cognatus
1276 1962 1289 1980 ‚

34 1985 138 2024 Pana
151 1987 294 2032 maiore,
315 2001 414 2039 quam
427 1987 714 2040 humanastatura
725 2015 737 2030 ,
758 1986 914 2023 exercitui
935 1985 1136 2024 Graecorum
1146 1987 1290 2039 praeiis-

24 2038 67 2088 se
77 2069 90 2085 ,
105 2038 210 2092 (vide
226 2040 387 2079 Homer.
402 2039 537 2090 hymn.
554 2039 592 2077 in
607 2038 724 2090 Pana)
740 2038 926 2091 nusquam
941 2038 1026 2077 alibi
1045 2041 1205 2092 reperio.
1219 2041 1290 2079 La-

32 2092 121 2145 psus
135 2091 288 2133 fortaffe
302 2094 508 2132 memoriae
522 2092 592 2132 est:
611 2105 699 2130 nam
722 2093 758 2130 id
782 2092 919 2131 dicitur
942 2092 987 2131 de
1011 2091 1110 2132 Pane
1128 2094 1166 2132 in
1188 2093 1291 2134 bello

33 2145 241 2199 Giganteo.
259 2148 385 2186 Lem.
399 2147 500 2186 Vide
512 2145 618 2185 Paus.
632 2146 714 2185 Att.
731 2145 889 2185 SOLAN.

41 2213 44 2217 ’
87 2210 160 2247 ead.
176 2209 199 2247 l.
218 2223 254 2256 4.
266 2208 480 2260 Ἀριστεῖον)
495 2208 622 2247 Exstat
634 2220 678 2247 ea
697 2207 742 2247 de
759 2220 800 2246 re
820 2206 1020 2247 Simonidis
1039 2207 1289 2261 epigramma,

32 2263 138 2316 quod
152 2261 292 2301 statuae
305 2262 358 2300 illi
375 2261 596 2314 inscriptum
606 2260 714 2300 fuisse
728 2262 882 2300 videtur
896 2273 905 2300 :

41 2323 48 2373 ζ
88 2325 154 2362 Τὸν
166 2322 380 2376 τραγόπουν
396 2322 461 2372 ἐμὲ
480 2321 612 2369 Πᾶνα,
631 2326 692 2375 ‘tim
710 2322 877 2375 ’Apxo'cSoe
889 2352 899 2370 ‚
922 2324 983 2362 τὶν
1000 2325 1106 2363 κατὰ
1120 2322 1252 2365 Μῆἒων

193 2387 258 2423 Τὸν
272 2385 358 2434 μετ’
375 2384 561 2424 Ἀθηναίων
576 2382 743 2425 στήσαιτο
761 2384 988 2424 Mmmzsnc.

33 2413 133 2486 i'ott.
149 2446 224 2499 306
238 2444 264 2485 f.
277 2446 318 2485 &
338 2459 414 2499 390
431 2444 455 2485 f.
472 2447 525 2485 V.
541 2446 580 2486 &
593 2447 641 2485 A.
657 2444 706 2484 G.
719 2445 795 2492 IV,
808 2445 897 2492 871.
913 2444 1122 2485 Innotuiffe
1132 2457 1213 2485 tum
1227 2448 1293 2499 pri-

34 2499 621 2594 mumLaeailiielssgipulsl.dooem
639 2498 761 2539 clem.
784 2499 897 2539 Alex.
916 2513 953 2553 p.
973 2500 1016 2538 18
1018 2498 1080 2593 ἑ]
1098 2500 1138 2539 δι
1158 2500 1296 2541 Noster
