1748 3420
433 253 524 301 340
625 229 1495 280 ANNOTATIONES

435 324 551 371 1680,
563 322 772 368 Castores,
790 334 904 374 quam
917 320 983 374 ipsi
998 334 1017 360 a
1031 321 1153 361 Iove
1145 333 1217 360 iam
1232 320 1384 361 fuerant
1402 319 1617 368 consecuti,
1631 318 1696 363 so-

430 378 511 417 rori
532 377 702 429 promitt
697 387 764 414 int
789 375 1128 414 immortalitatem:
1160 387 1285 427 neque
1305 375 1412 415 secus
1444 377 1483 414 in
1503 375 1628 416 Orest.
1652 389 1697 417 v.

436 432 537 482 1637
549 429 589 468 δι
598 429 720 496 ι69ο
716 428 922 467 Helenam
915 441 952 466 in
967 427 1117 467 coelum
1131 427 1309 469 subvehit
1321 429 1466 493 Apollo
1482 430 1695 480 Καστορίτε

433 482 668 521 Πολυδεύκει
685 483 720 520 τ’
736 481 769 520 ἑν
789 480 922 533 αἰθέρος
934 481 1137 541 πτυχαῖς
1134 481 1341 521 Συνθακον’
1328 483 1495 530 εο-ομένην
1508 485 1697 522 ναυτίλοις

434 536 626 585 σωτήριον,
645 536 707 583 &,
727 534 800 574 Σὺν
811 535 955 586 Τυνέαρ
961 535 1062 574 ίὸσιις
1075 549 1151 573 τοις
1162 537 1248 573 Διος
1261 533 1349 573 vi015
1362 534 1528 574 Nabum
1540 535 1698 585 μεδέου-

436 604 508 629 σαν
521 589 737 652 ἓτςιλάσσιις
751 589 788 626 Α
803 588 954 640 reliquis
970 589 1187 640 Euripidem
1209 586 1389 634 diffidere,
1405 599 1512 627 notat
1527 588 1697 628 Scholia·

435 641 524 681 stes:
541 637 626 681 Ὅτι
645 640 662 682 ἦ
677 642 794 680 Ἑλένη
807 656 885 680 τοις
899 642 1187 706 χειμαζομένοις
1206 643 1311 679 κατὰ
1323 641 1557 681 θάλατταν
1543 655 1699 681 επηκοος

434 696 517 735 ἐστι
542 698 650 734 κατὰ
669 692 861 758 Euparrasnv
869 695 1138 757 σεσημείωται·
1163 693 1178 732 ὁ
1191 697 1315 744 μέντοι
1336 699 1395 732 Σω
1399 692 1538 739 σιβιος’
1529 694 1698 744 ἔμπαλιν

434 750 553 789 eimau
574 747 638 787 οὖιι
661 745 814 799 εὐμενως
834 743 947 787 αὗτῖιν
972 748 1242 794 ἐπιφαίνεο-θαι.
1276 747 1458 800 Equidem
1483 748 1583 786 haud
1608 746 1698 788 sane

435 803 701 849 commemini,
723 814 769 840 an
798 800 996 854 quisquam
1024 813 1215 852 praeterea
1241 801 1454 840 Helenam
1446 813 1485 839 in
1509 802 1580 841 hac
1604 814 1699 841 cura

436 856 617 896 fratribus
632 855 835 894 associarit:
853 855 948 907 quin
963 866 1099 893 contra
1112 855 1234 893 dirum
1247 855 1327 893 eius
1340 853 1453 897 fidus
1470 855 1624 907 quando
1636 854 1700 894 so-

435 911 601 949 litarium
615 919 796 962 apparet,
820 908 1088 959 navigantibus
1105 907 1179 947 effe
1200 906 1553 968 perniciosillimum
1574 907 1701 948 scribit

435 964 551 1004 Solin.
569 977 600 1002 c.
615 978 648 1011 1,
660 975 729 1001 nec
746 960 811 1000 nisi
827 961 1021 1001 menstruo
1034 974 1171 1001 cruore
1186 960 1268 1000 solo
1282 962 1403 1000 averti
1419 960 1541 1014 posse:
1562 962 1664 1014 prius
1675 975 1699 1002 a

436 1017 562 1058 Plinio
576 1015 828 1056 confirmatur
849 1016 899 1054 H.
910 1015 958 1053 N.
973 1015 1030 1061 11,
1047 1029 1094 1067 37
1107 1046 1118 1063 ‚
1140 1014 1302 1054 alterum
1318 1027 1397 1054 non
1410 1015 1566 1054 dixerim
1581 1027 1630 1054 an
1650 1016 1700 1054 ab

439 1071 523 1109 ullo
537 1070 624 1109 alio.
640 1071 730 1107 Stat.
757 1080 771 1108 ι
744 1069 870 1108 heb.
881 1068 959 1107 VII
971 1099 982 1117 ,
993 1082 1043 1120 79
1053 1082 1067 1106 1
1084 1083 1091 1106 :
1114 1070 1197 1108 Non
1208 1069 1305 1107 aliter
1322 1084 1417 1108 caeco
1429 1069 1577 1107 noflurni
1591 1069 1700 1108 turbi-

440 1141 480 1164 ne
496 1125 571 1162 Cori
594 1123 669 1161 Scit
687 1124 835 1175 peritura
859 1123 964 1168 ratis,
986 1137 1059 1161 cum
1077 1123 1145 1160 iam
1164 1125 1328 1161 damnata
1336 1121 1468 1173 fhroris
1482 1123 1560 1175 Igne
1575 1123 1700 1161 Thera·

435 1192 538 1229 pnaez
533 1177 716 1227 fhgemnt
733 1176 875 1226 carbasa
884 1175 1024 1226 fratres.
1053 1186 1247 1215 merentur
1268 1175 1449 1222 adscribi,
1467 1188 1567 1229 quae
1583 1175 1700 1216 Luta-

439 1232 516 1269 tius
537 1229 674 1269 oblerv
680 1241 741 1267 at:
766 1230 860 1280 Quia
877 1241 1024 1276 nautae,
1040 1244 1114 1268 cum
1124 1230 1254 1281 stellam
1266 1230 1417 1268 Helenae
1434 1230 1576 1268 viderint
1594 1234 1698 1283 (quae

444 1285 582 1323 Urania
594 1282 748 1322 dicitur*
752 1312 762 1329 ,
783 1283 880 1321 cuius
891 1294 988 1320 tama
1001 1284 1043 1335 est
1053 1283 1106 1320 vis
1118 1283 1271 1328 incendir,
1285 1296 1323 1322 ιιι
1335 1283 1463 1322 malum
1474 1295 1579 1329 cavet,
1594 1283 1628 1322 G·
1641 1299 1700 1322 na-

440 1339 495 1377 vis
508 1340 575 1377 ima
599 1339 804 1387 pertundat,
828 1348 866 1374 ut
885 1338 1014 1396 etiaJnfi
1024 1352 1081 1374 aes
1088 1337 1157 1387 s
1123 1348 1138 1373 t
1184 1338 1244 1375 hoc
1263 1337 1372 1375 calore
1379 1336 1555 1390 solvatur)
1579 1351 1700 1390 ergoz
1664 1338 1702 1389 fi

441 1394 522 1431 haec
536 1391 633 1445 stella
644 1405 726 1429 navt
720 1390 1080 1442 msederit,sc1untfi
1091 1401 1214 1428 nautae
1216 1391 1252 1441 s
1239 1406 1291 1428 ne
1304 1391 1405 1429 dubio
1413 1391 1597 1442 perituros:
1617 1407 1699 1430 con·-

442 1457 495 1484 tra
513 1447 681 1498 Castorum
685 1445 722 1494 s
707 1446 798 1482 dem
805 1443 893 1494 sunt
905 1444 1144 1496 navigantibus
1159 1444 1345 1494 fizlutaria.
1369 1444 1432 1483 Ad
1445 1456 1536 1484 eum
1551 1443 1701 1497 Papinii

439 1499 571 1538 locum
595 1498 756 1537 Barthio
774 1497 962 1549 Euripidis
984 1497 1206 1537 emendandi
1219 1508 1385 1537 conatus
1403 1498 1501 1537 male
1521 1496 1702 1538 succeffit.

440 1553 545 1605 Ergo
557 1552 715 1591 minime
727 1551 998 1597 dubitandum,
1017 1551 1108 1604 quin
1120 1551 1229 1590 navis
1243 1552 1281 1589 in
1292 1552 1386 1590 mari
1398 1550 1576 1613 deprensa
1586 1550 1703 1591 Dios-

440 1619 627 1646 curorum
645 1605 780 1652 tutius,
799 1617 914 1657 quam
927 1605 1110 1652 Helenae,
1123 1603 1308 1656 praesidio
1320 1606 1605 1645 committatur:
1621 1617 1702 1646 cre·

441 1662 530 1699 dere
543 1659 598 1699 fas
610 1658 662 1699 est
677 1658 834 1697 oculato
847 1657 952 1700 testi.
967 1659 1004 1697 δι
1019 1657 1248 1713 philosopho
1261 1659 1412 1711 quidem
1425 1659 1598 1698 Maximo
1610 1658 1702 1710 Ty-

439 1715 503 1754 ri0
519 1715 574 1752 ad
580 1713 692 1752 finem
711 1711 814 1751 Dial.
823 1711 996 1751 XXVII
1018 1707 1115 1752 ειδον
1130 1673 1190 1751 clep
1190 1727 1253 1751 και
1269 1712 1506 1764 Διοσκουρους
1521 1712 1585 1752 ἐστι
1600 1713 1702 1760 νεὼς,

441 1767 603 1820 ἀστέρας
613 1765 822 1817 λαμπροὺς,
838 1764 1017 1804 ι’θυνσντιις
1029 1779 1098 1805 την
1115 1765 1199 1805 ναῦν
1213 1766 1502 1817 χειμαζομένων.
1513 1766 1702 1818 Tragicus

441 1834 590 1868 autem,
609 1819 778 1859 fabulae
770 1832 807 1858 1n
819 1831 1089 1871 quamcunque
1102 1818 1263 1858 formam
1275 1820 1482 1860 vertendae
1490 1820 1701 1860 libertatem

440 1874 508 1914 fibi
523 1874 739 1919 vindicans,
753 1884 796 1912 ut
817 1871 951 1912 scenae
969 1872 1146 1920 serviret,
1171 1873 1343 1913 Helenae
1371 1886 1512 1914 munus
1530 1874 1704 1914 tribuere

440 1941 521 1967 non
535 1927 610 1967 fuit
623 1928 787 1974 veritus,
797 1926 906 1966 cuius
917 1926 1007 1965 alibi
1021 1939 1068 1966 ne
1080 1923 1202 1965 verbo
1214 1927 1368 1978 quidem
1384 1926 1542 1980 usquam
1556 1926 1702 1968 fecerat

440 1983 700 2027 mentionem,
719 1993 807 2019 cum
829 1980 873 2019 de
885 1978 971 2019 solis
984 1990 1111 2019 tamen
1122 1980 1357 2031 Tyndaridis
1374 1980 1580 2034 saepiffime
1591 1980 1702 2022 teste·

438 2046 521 2075 tur:
547 2036 638 2075 vide
658 2035 792 2074 Eleelr.
807 2048 846 2073 ν.
864 2048 975 2081 1241.
998 2034 1149 2087 egregie
1160 2033 1315 2074 Chorus
1333 2049 1409 2087 ν.9
1386 2047 1484 2089 992·
1507 2034 1702 2085 -βροτων

439 2089 474 2129 ἐν
489 2088 609 2141 ἇλὶιςρ
598 2088 714 2127 ειιθιόις
726 2089 847 2136 Τιμὲις
860 2085 1028 2140 σωτῆρας
1039 2088 1196 2138 ἔχοντες
1203 2117 1218 2134 ,
1229 2087 1412 2141 exquisita
1425 2089 1608 2142 loquendi
1619 2088 1703 2130 for-

441 2143 566 2190 mula,
589 2155 690 2193 quae
703 2141 800 2180 aliud
812 2142 987 2193 quiddam
1006 2142 1168 2187 indicat,
1186 2155 1303 2194 quam
1317 2143 1516 2194 vulgatum
1530 2143 1621 2183 illud
1639 2157 1701 2184 τι·

437 2199 518 2248 μὰς
533 2194 722 2236 ἰσοθέουΗ
703 2208 825 2247 εχειν·
844 2205 886 2234 ut
897 2196 999 2234 enim
1012 2194 1124 2235 Sacas
1135 2195 1441 2248 Xenophonteus
1453 2201 1493 2235 K.
1501 2196 1596 2245 r1.1,
1602 2210 1646 2250 p.
1657 2197 1698 2246 6,

438 2265 551 2299 τιμιιν
565 2248 647 2303 ἔχει
659 2249 862 2302 προσάγειν
881 2249 968 2288 τοὺς
977 2248 1185 2297 δεομένου(
1190 2250 1434 2303 Αστυάγους,
1448 2249 1499 2290 fic
1510 2251 1551 2291 &
1564 2249 1702 2290 Βίἰτι·

435 2307 517 2356 μέις
530 2303 635 2356 ἔχειν
650 2304 840 2348 dicuntur,
859 2318 981 2342 munus
1001 2303 1142 2355 aliquod
1163 2303 1248 2341 obire
1273 2305 1322 2341 ad
1343 2304 1514 2344 hominum
1534 2304 1700 2344 utilitates

478 2401 496 2420 '¹'
510 2396 642 2432 Praeter
653 2397 823 2429 Lutatium
836 2396 984 2429 meminit
998 2396 1122 2440 Olymp
1126 2397 1239 2429 idorus
1251 2395 1450 2431 historicus
1441 2410 1476 2431 in
1491 2397 1602 2431 Photii
1614 2396 1701 2431 Bibl

435 2453 471 2486 p.
488 2453 560 2480 112.
577 2454 612 2475 v.
629 2453 679 2482 14
694 2441 726 2474 ὃ(
742 2440 965 2493 philosophus
982 2441 1020 2473 ad
1034 2441 1170 2473 Aristot.
1196 2441 1373 2496 Μετεωρολ.
1393 2442 1547 2484 1,f.4b.
1564 2440 1699 2478 Τούτους

437 2482 469 2518 δὲ
484 2487 554 2521 τους
563 2498 702 2525 τυφονας
717 2498 771 2520 και
784 2484 917 2526 σι’φωνας
930 2485 1062 2520 καλουσι
1078 2480 1132 2517 διὰ
1153 2499 1188 2517 ‘ro
1206 2498 1260 2518 και
1268 2480 1363 2534 ὕδωρ
1376 2487 1533 2523 πολλοικις
1555 2484 1699 2525 οἷνοισπιί·

433 2542 499 2565 σαι·
526 2531 659 2567 namuci
680 2525 712 2563 δὲ
736 2544 775 2564 eu!
766 2529 830 2564 ’την
855 2529 911 2565 καὶ
934 2528 1071 2574 οὐρανίαν
1092 2525 1277 2573 ιὸιωτικῳ
1263 2530 1405 2571 ονόμοιτι.
