1748 3420
168 221 255 267 IN
305 219 744 269 D1ALooos
795 223 1158 273 DEORUM.
1211 243 1303 293 337

9 309 18 327 “’
38 320 123 349 eam
138 307 388 362 suspicionem
400 310 552 355 veniat,
564 309 780 350 Dioscuros
793 323 826 350 c.
839 311 862 350 6
876 311 1119 353 librariorum
1133 328 1252 370 opera
1264 318 1304 356 in

38 361 150 402 Deos
165 362 310 402 abiiffe:
327 362 507 414 fortunam
529 363 804 416 Dioscurosque,
825 380 964 416 quorum
987 368 1023 405 in
1043 371 1161 420 templo
1185 382 1304 419 erant,

37 417 138 455 nulla
155 432 214 469 ope
215 416 398 470 fitpplicem
411 418 579 464 iuvantes,
589 417 766 468 accusans.
778 418 960 457 Attamen
975 419 1080 458 istam
1096 423 1202 475 vulgi
1222 437 1304 475 per-

37 468 249 509 suafionem
267 471 406 509 merito
420 471 595 522 repudiat
606 472 734 510 Varro
747 471 792 509 de
805 471 844 509 L.
857 471 896 509 L.
911 472 982 519 lv,
998 487 1036 525 p,
1054 487 1117 523 17:
1138 478 1234 514 Nam
1247 494 1304 516 ne.

37 538 118 574 que,
137 538 224 574 quas
238 525 425 563 Ambracia
451 525 641 576 (nondum
659 536 727 563 cur
747 523 934 575 scriptura
948 539 1060 565 vetus
1076 532 1218 568 mutari
1237 532 1302 571 de-

36 576 126 615 beat
137 606 150 623 ‚
165 578 353 616 rationem
368 578 523 616 invenio
538 577 574 630 ⁴²)
588 590 664 616 ante
673 589 792 630 portas
797 580 920 630 statuit
939 582 1026 617 duas
1041 581 1166 619 virileis
1174 586 1302 634 species

37 630 194 676 aheneas,
213 631 285 668 Dei
297 632 409 683 magni
417 646 433 678 ;
447 646 547 682 neque
558 662 569 679 ‚
583 644 621 668 ut
634 632 754 682 volgus
767 643 891 683 putam,
907 633 942 668 lu'
954 636 1187 673 Samothraces
1206 639 1275 675 Dii
1287 667 1300 686 ‚

36 684 96 736 qui
112 685 228 737 Castor
241 685 275 721 6³
297 686 436 723 Pollux.
459 685 551 723 Non
570 684 672 723 solos
687 697 815 723 autem
831 683 1015 730 Cabiros‚
1040 685 1100 725 sed
1121 688 1301 729 Castores

35 737 151 776 etiam
168 738 336 789 Magnos
355 737 465 776 Deos
487 736 748 789 inscriptiones
771 738 973 790 praebent,
999 740 1040 778 δι
1063 740 1210 793 saepius
1230 744 1299 783 usu

33 790 160 838 venit,
174 803 217 829 ut
230 791 299 830 vix
312 820 325 837 ‚
342 792 417 829 utri
433 790 503 829 sint
517 791 745 843 intelligendi
760 821 773 838 ‚
793 791 1001 831 discernere
1016 806 1152 845 queas;
1171 809 1302 847 quem·

6 859 8 862 ¹
32 844 240 884 admodum
260 845 361 896 apud
374 844 561 884 Clitorios
580 845 687 896 quod
700 844 831 884 fanum
851 845 924 884 effe
937 859 1174 886 memoratur
1184 856 1301 889 Διοσ-

31 897 173 948 κούρων,
190 900 424 947 καλουμένων
437 896 482 936 ele
495 896 586 936 ,θεῶν
596 898 792 950 μεγάλων,
811 911 832 937 a
845 898 999 937 Pausan.
1013 900 1107 938 VIII
1117 929 1129 947 ‚
1146 915 1181 952 p.
1207 903 1302 955 6394

17 950 107 1001 ,Sed
114 950 263 990 Cabiris
275 964 322 991 ne
332 952 368 990 in
381 950 496 990 coelo
532 952 658 989 uidem
671 964 736 1004 per
745 952 988 1003 Tyndaridas
999 951 1073 991 effe
1082 953 1184 993 licuit
1195 958 1302 1007 quie·

32 1005 101 1053 tis,
122 1005 290 1057 nihilque
312 1005 469 1058 propius
484 1006 521 1043 el
555 1003 695 1043 faetum
709 1033 719 1051 ‚
733 1018 849 1057 quam
865 1017 908 1043 ut
924 1006 969 1044 de
982 1005 1092 1058 signo
1110 1007 1302 1049 Gemino-

31 1070 118 1097 rum
135 1059 266 1102 coloni
280 1071 429 1098 veteres
447 1059 662 1111 proturbati
678 1058 790 1110 plane
801 1059 1069 1099 deiicerentur:
1094 1061 1300 1103 adfuerunt

31 1111 191 1152 iniustae
212 1111 345 1152 causae
358 1112 533 1152 auctores
549 1110 635 1150 sane
658 1125 814 1164 graves,
831 1112 1020 1151 Eratosth.
1035 1113 1175 1154 Catast.
1193 1130 1225 1156 c.
1241 1118 1299 1166 X,

32 1178 153 1218 quem
163 1166 346 1218 Hyginus
359 1179 478 1218 paene
490 1167 758 1218 interpretatur
771 1166 877 1205 Poet.
893 1166 1049 1205 Astron.
1064 1167 1114 1215 Π,
1132 1182 1163 1208 c.
1182 1185 1246 1216 22,
1258 1172 1301 1211 &

31 1218 170 1259 Caesar
183 1219 456 1259 Germanicus:
474 1230 516 1259 ut
529 1219 811 1258 Tertullianum
823 1251 832 1264 ,
851 1219 1030 1259 isidorum
1045 1221 1084 1259 &
1103 1223 1197 1262 aiios
1213 1238 1299 1264 mo-

31 1274 152 1312 menti
169 1273 325 1313 minoris
340 1285 591 1326 praeteream.
605 1272 689 1324 Qui
700 1286 771 1325 pro
783 1273 869 1312 Diis
883 1275 1196 1316 bainothracibus
1207 1291 1300 1330 pro-

32 1337 226 1380 pugnent,
249 1327 301 1365 illi
319 1326 433 1380 longe
449 1328 603 1379 quidem
617 1328 817 1379 pauciores
828 1358 840 1373 ,
855 1339 894 1365 at
906 1358 916 1375 ,
932 1327 958 1366 sl
981 1329 1129 1380 pondus
1149 1330 1300 1372 testium

32 1393 114 1420 non
129 1393 332 1420 numerum
347 1381 530 1429 aestimes,
542 1381 696 1420 minime
715 1380 934 1433 spernendi,
947 1382 1239 1434 Onomacritus,
1251 1386 1299 1425 fi-

33 1447 86 1474 ve
105 1435 190 1487 quis
208 1434 305 1474 alius
316 1434 582 1487 Orphicorum
609 1435 860 1485 Hymnorum
885 1434 1046 1488 scriptor
1064 1437 1230 1489 placeat,
1254 1440 1298 1480 &

32 1488 226 1541 Nigidius,
246 1488 519 1528 Astronomiae
541 1490 681 1527 veteris
702 1488 1021 1535 consultiffimus,
1045 1492 1145 1541 apud
1171 1492 1300 1532 Schol.

34 1540 218 1582 German.
234 1542 601 1595 quibusAmpelium
613 1542 779 1594 adiungo
791 1542 855 1580 lib.
868 1543 990 1594 Mem,
1000 1555 1033 1581 c.
1047 1543 1117 1590 111,
1128 1544 1190 1584 sed
1204 1558 1248 1585 ut
1258 1548 1299 1586 in

0 1600 1 1632 i
33 1596 193 1636 transitu
205 1598 272 1635 vix
287 1597 402 1648 digno
415 1595 643 1636 beneficium
663 1607 792 1635 tamen
808 1597 955 1635 demtae
975 1597 1146 1637 maculae
1165 1599 1300 1640 confe-

0 1670 2 1697 y
32 1662 113 1689 ram
127 1663 136 1689 :
159 1651 308 1699 Gemini,
321 1651 378 1703 qui
391 1651 628 1689 Samothraces
642 1652 859 1689 nominantur
871 1651 946 1701 effe,
962 1650 1074 1702 (haec
1086 1652 1170 1691 eius
1184 1655 1300 1693 aetati

0 1703 2 1743 i
32 1703 73 1743 in
87 1703 297 1743 barbariem
312 1705 485 1756 vergenti
497 1704 750 1743 condonanda
761 1704 814 1743 est
829 1704 1030 1756 Latinitas)
1045 1718 1183 1757 quorum
1195 1721 1301 1760 argu-

33 1770 178 1797 mentum
188 1757 287 1809 nefhs
300 1760 343 1810 est
348 1759 568 1811 pronuntiare
582 1769 713 1809 praeter
726 1772 781 1796 eos
796 1758 896 1810 (aliis
904 1769 1033 1810 praeter
1048 1774 1102 1797 eos
1109 1773 1127 1805 ;
1142 1759 1209 1798 nist
1223 1774 1301 1801 ma-

32 1811 78 1851 lis
87 1823 220 1864 praeter
231 1812 296 1859 eis,
317 1812 394 1852 hoc
412 1811 489 1858 est,
509 1823 772 1864 praeterquam
793 1812 857 1858 iis,
881 1812 1083 1863 quomodo
1104 1825 1183 1851 non
1206 1827 1300 1855 raro

31 1864 155 1905 solent
178 1866 303 1905 Latini
331 1865 590 1918 recentiores)
612 1866 666 1916 qui
692 1866 798 1903 iniciis
816 1866 945 1918 praesto
964 1865 1050 1915 sunt
1061 1880 1073 1903 .·
1100 1867 1200 1906 iuvit
1225 1881 1299 1908 nos

32 1918 161 1960 Schol.
175 1919 419 1965 Germanici,
443 1932 492 1958 ex
504 1932 585 1971 quo
601 1918 679 1958 fere
694 1918 922 1971 descriptum
943 1919 1032 1958 illud
1049 1920 1218 1972 Ampelii
1235 1935 1301 1961 ca.

32 1985 106 2026 put
124 1974 264 2026 corrigi
279 1973 449 2026 pluribus
461 1974 500 2012 in
512 1973 610 2012 locis
624 1971 759 2025 potest.
783 1973 866 2011 Nos
887 1972 958 2011 hac
975 1974 1059 2012 vice
1081 1986 1170 2012 curn
1183 1975 1300 2027 Tyn-

32 2027 170 2066 daridis
191 2028 343 2066 afflone
359 2027 526 2080 legitima
547 2039 624 2064 non
639 2027 900 2079 experiemur,
918 2038 988 2077 pro
1008 2038 1185 2078 tempore
1205 2041 1301 2068 con-

33 2081 149 2130 tenti,
159 2080 188 2120 fi
198 2080 286 2120 satis
297 2079 409 2120 fuerit
425 2080 648 2133 probatum,
660 2080 803 2118 nullam
814 2081 852 2118 in
866 2081 902 2118 le
914 2082 1133 2120 temeritatis
1146 2081 1303 2136 culpam

35 2134 230 2188 suscepisse
241 2134 400 2174 Sextum
412 2135 521 2187 Emp.
533 2135 599 2186 qui
613 2135 735 2173 dicere
746 2146 825 2173 non
835 2134 983 2173 veritus
996 2133 1040 2173 s1t
1051 2147 1181 2186 raptos
1195 2137 1243 2175 ab
1258 2138 1303 2176 iis

35 2188 206 2229 honores
217 2188 374 2228 alienos.
389 2188 503 2228 Nunc
516 2188 562 2226 ad
574 2187 730 2240 insignia
741 2188 910 2227 Luciano
926 2199 1230 2228 commemorata
1242 2203 1303 2229 re-

35 2243 236 2282 vertimur.
259 2242 414 2296 Spicula
436 2240 656 2295 praeferunt
678 2242 808 2280 itidem
830 2242 977 2280 nummi
995 2242 1035 2280 &
1050 2255 1303 2283 monumenta

35 2296 203 2350 lapidum
217 2309 226 2335 ε
247 2296 292 2335 de
304 2296 411 2349 equis
425 2296 520 2334 albis
531 2306 708 2335 notatum
721 2295 774 2334 est
785 2308 806 2333 a
817 2295 847 2334 Ι.
865 2294 1028 2333 Davifio
1038 2326 1049 2344 ,
1062 2296 1150 2334 viro
1164 2296 1304 2336 doctis-

35 2350 158 2397 fimo,
177 2352 224 2390 ad
235 2349 364 2390 Cicer.
375 2350 421 2389 de
437 2349 486 2389 N.
499 2349 551 2388 D.
562 2349 617 2396 11,
637 2363 658 2387 2
671 2379 682 2397 ‚
702 2362 738 2402 p.
757 2362 850 2401 105,
864 2349 977 2388 huius
988 2350 1104 2387 etiam
1124 2349 1201 2389 loci
1221 2363 1303 2390 non

81 2434 100 2453 ²*
123 2430 285 2463 Mutanda
299 2429 362 2472 est,
386 2429 409 2461 fi
423 2429 575 2462 Servium
601 2428 716 2460 ducem
735 2427 904 2470 sequimur
924 2426 963 2459 ad
985 2427 1069 2459 Aen.
1089 2427 1130 2459 ΙΙΙ
1145 2453 1153 2468 ,
1177 2439 1226 2468 12,
1245 2428 1305 2471 qui

39 2475 226 2509 Varronem
239 2474 353 2507 testem
366 2475 449 2506 citat
461 2500 469 2514 ,
484 2485 525 2506 ex
543 2483 611 2516 quo
625 2481 796 2515 praeterea
807 2471 982 2516 legendum
997 2471 1086 2505 foret
1098 2483 1168 2504 ante
1182 2483 1305 2515 portum

30 2521 152 2563 statuis.
170 2519 257 2552 Vide
271 2519 315 2553 G.
338 2519 466 2562 Cuperi
479 2516 562 2552 Obs.
579 2517 638 2559 lv,
654 2528 695 2562 9,
712 2528 745 2560 p.
762 2526 835 2560 103·

148 2564 293 2606 Lucian.
325 2564 404 2606 Vol.
433 2563 484 2604 II.
1026 2557 1062 2599 Y
