1748 3420
450 219 542 279 368
652 213 1519 271 ANNOTATIONES

448 305 487 341 6.
512 302 626 341 Prov.
644 301 886 354 App.Vatic.
908 301 954 341 C.
971 300 1050 350 111,
1063 314 1099 341 n.
1114 316 1156 355 31
1172 332 1185 348 ‚
1206 303 1274 341 ubi
1295 304 1384 344 vide
1403 305 1615 344 Schottum.
1635 303 1713 345 Alii

447 355 561 407 saepe
580 355 682 393 πίθον
694 357 964 407 τετρυπημένον
985 356 1132 399 dicunt,
1154 355 1284 396 Schol.
1300 357 1466 411 Euripid.
1489 360 1534 397 ad
1554 359 1649 398 Hec.
1669 373 1712 397 v.

449 407 530 447 886
541 422 554 455 3
574 407 635 447 sed
649 408 760 454 illud,
779 407 807 446 sl
819 409 997 447 Thomae
1012 408 1200 461 Magistro
1222 411 1364 456 credis,
1381 412 1640 463 Ἀττικώτερον
1658 411 1714 451 est

449 471 567 513 atque
579 461 799 514 elegantius.
815 461 886 500 Par
898 463 999 501 ratio
1015 463 1051 500 in
1067 463 1204 513 ψήφοις
1221 465 1459 516 τετρημέναις
1470 466 1512 505 &
1526 479 1712 518 τετρυπη-

453 517 599 566 μέναις.
623 517 789 555 HEMST.

504 569 597 620 Pag.
618 582 703 619 107.
715 570 738 607 l.
752 583 765 606 1
775 567 900 621 .Ἥρα)
913 569 1051 614 Aliter,
1065 580 1109 608 ut
1124 568 1236 622 supra
1253 569 1404 615 monui,
1415 568 1533 610 Ovid.
1549 571 1708 611 SoLAN.

504 624 578 660 ead.
592 623 615 660 l.
630 624 666 661 6.
693 622 755 661 Ὡς
771 620 1012 661 ἀποτεκοῦσα
1034 622 1134 676 ἐκεῖ)
1162 623 1282 662 Prava
1301 623 1539 664 distinffione
1559 625 1709 664 laborat

446 674 512 714 hic
527 675 654 715 locus:
676 676 805 714 deletis
817 675 966 728 punffls
979 675 1122 722 scribe,
1140 673 1187 716 ὦς
1202 676 1445 716 ἀποτεκοῦσα
1464 677 1553 726 ἐκεῖ,
1569 678 1647 717 κύει
1661 678 1710 718 δὲ

447 726 540 776 {ism
551 732 634 769 δέος
649 732 808 781 ’γενηται
824 728 890 766 καὶ
908 725 1004 768 αὐτοὶ
1019 729 1084 768 καὶ
1097 731 1140 767 το
1151 729 1296 783 τεχθὲν,
1314 730 1408 768 utibi
1421 730 1546 777 enixa,
1559 734 1710 784 gravida

443 784 533 821 enim
546 783 614 820 iam
626 786 680 835 est,
702 783 784 820 Dea
796 782 866 832 fiat
878 783 912 820 6·
925 783 1018 835 ipsa,
1037 783 1072 820 6·
1089 786 1179 836 quod
1191 795 1307 822 natum
1317 784 1394 822 erit.-
1413 785 1594 824 nimirum
1614 785 1712 838 Epa-

444 836 557 889 phus.
572 835 673 875 Dein
687 835 889 887 distin'gue:
904 836 1004 887 ἄρξει
1019 835 1082 882 δὲ,
1095 835 1111 874 ὃ
1123 835 1245 888 Ἐρμῆς
1259 835 1336 884 ἔφη,
1351 836 1421 876 τῶν
1431 836 1632 885 πλεόντων,
1640 837 1708 878 καὶ

447 888 552 939 ἡμῶν
576 888 689 928 ἔσται
709 888 891 928 δεσποινα,
902 919 916 935 ,
931 890 1162 942 Praeen'tque,
1183 891 1376 928 Mercurius
1386 891 1495 936 dixit,
1513 892 1709 945 naviganti-

447 946 527 988 bus,
542 942 576 981 ὃ·
594 944 704 995 nostra
724 944 783 982 erit
803 943 948 982 domina.
969 943 1072 983 Vide
1084 943 1126 982 δι
1149 942 1322 996 superius
1340 944 1534 998 dialogum
1549 944 1710 986 lovis&

444 996 648 1036 Mercurii.
672 997 846 1036 GRAEV.

503 1053 576 1089 ead.
604 1052 627 1088 l.
650 1064 686 1099 7.
708 1054 798 1089 Θεος
817 1049 964 1103 ’γένοιτο
982 1049 1045 1088 καὶ
1074 1045 1199 1102 αὐτὴ)
1216 1049 1260 1088 In
1277 1049 1451 1103 coniugis
1477 1050 1567 1092 loco
1580 1051 1708 1092 habita

446 1102 568 1142 fei-tur
590 1103 637 1141 ab
653 1102 804 1143 Osiride
817 1104 1108 1156 Aegyptiorum
1132 1116 1242 1156 rege,
1266 1106 1305 1144 δι
1323 1103 1407 1156 post
1423 1116 1585 1144 mortem
1606 1106 1708 1146 culta

445 1170 523 1208 pro
536 1155 623 1195 Dea
645 1158 801 1197 nomine
814 1156 943 1203 Ifidis3
964 1170 1081 1208 quam
1106 1156 1282 1209 singulari
1306 1156 1566 1209 superstitione
1583 1159 1707 1200 coluit

444 1209 706 1249 &Germania
729 1222 819 1250 ante
835 1221 1024 1263 receptam
1044 1209 1296 1250 Christianam
1321 1210 1555 1264 religionem.
1577 1213 1708 1254 Huius

446 1262 552 1302 sacra
564 1277 610 1303 ex
621 1264 810 1316 Aegypto
822 1263 989 1303 Romam
1001 1262 1087 1303 sunt
1100 1264 1293 1310 translata,
1303 1262 1458 1317 eiusque
1471 1266 1654 1318 templum
1667 1267 1706 1307 in

443 1328 588 1370 campo
602 1318 746 1356 Martio
765 1316 853 1356 fuit.
868 1316 970 1356 Isidis
987 1318 1143 1371 capillos
1165 1317 1401 1370 Memphitae
1423 1331 1496 1372 pro
1521 1320 1709 1361 miraculo

446 1369 662 1410 ostendunt.
686 1370 787 1410 Idem
802 1372 994 1410 Lucianus
1008 1373 1094 1417 adst.
1108 1370 1253 1410 Indo&
1267 1370 1417 1411 COGN.
1684 1393 1687 1395 ·

503 1427 577 1463 ead.
590 1426 612 1462 l.
629 1419 795 1477 9.”Αρξει
809 1439 869 1470 τε,
887 1423 902 1462 ὃ
917 1424 962 1463 Ἑ.
978 1424 1059 1477 ἔφη)
1083 1424 1216 1477 Quam
1232 1425 1357 1464 voluit
1370 1424 1706 1473 Graevius,secuti

444 1475 532 1517 sunt
551 1480 625 1517 iam
643 1477 736 1517 olim
752 1481 974 1530 interpretes
986 1478 1258 1518 distinctionem
1273 1491 1282 1517 :
1307 1479 1345 1518 in
1363 1480 1445 1518 eius
1458 1481 1561 1519 notis
1576 1493 1649 1532 pro
1662 1495 1707 1521 τε

440 1531 609 1585 positum
623 1533 739 1573 video
752 1533 809 1579 δὲ,
823 1532 993 1571 studione
1007 1545 1053 1571 an
1066 1545 1196 1572 errore
1209 1532 1361 1579 calami,
1376 1545 1455 1572 non
1469 1544 1571 1587 patet
1585 1546 1595 1574 :
1611 1534 1706 1574 illud

445 1597 554 1625 certe
574 1587 762 1626 vertendo
783 1584 968 1638 expreflit.
992 1582 1068 1626 P'ro
1090 1585 1247 1639 ὃἛρμῖς
1262 1585 1362 1626 forte
1371 1584 1709 1640 malisssfss‘lipmir,

441 1638 506 1679 sed
526 1653 660 1692 parum
681 1639 842 1679 interest.
867 1641 1034 1679 HEMST.

500 1696 575 1733 ead.
589 1695 613 1733 l.
643 1707 699 1747 ¹3·
720 1695 769 1733 Νὴ
793 1695 871 1732 Δία
885 1691 1117 1746 εὐνουστέρα)
1141 1692 1455 1745 Praeponendum
1483 1693 1537 1734 est
1556 1706 1606 1734 ex
1627 1706 1705 1744 eo,

443 1747 511 1786 ubi
540 1760 633 1787 mox
659 1748 830 1787 occurrit
841 1778 852 1795 ,
881 1747 970 1787 loco
994 1747 1198 1786 retractum
1221 1748 1390 1801 Zephyri
1413 1760 1577 1788 nomen:
1608 1748 1703 1789 haec

443 1801 545 1839 enim
563 1802 609 1840 ad
619 1802 700 1841 eius
716 1800 912 1854 personam
928 1801 1020 1853 quin
1033 1802 1243 1853 pertineant
1253 1831 1264 1847 ,
1277 1814 1392 1841 nemo
1407 1801 1564 1854 paulum
1581 1812 1704 1843 atten-

443 1855 523 1893 tior
535 1855 730 1894 dubitabit.
744 1855 808 1894 De
822 1855 1017 1907 particulis
1032 1856 1139 1894 ἀλλὰ
1152 1857 1232 1908 γὰρ
1247 1855 1288 1894 &
1299 1855 1410 1894 ἀλλὰ
1423 1855 1500 1903 καὶ,
1511 1868 1613 1908 quae
1625 1855 1703 1896 sae-

442 1920 492 1961 pe
505 1920 808 1957 commutantur,
822 1909 990 1948 dicemus
1002 1908 1048 1947 ad
1059 1909 1209 1947 initium
1221 1908 1307 1961 Περ)
1322 1908 1394 1948 τῶν
1407 1909 1469 1948 ἐπὶ
1478 1909 1607 1959 μισθῷ
1618 1924 1703 1949 συν-

441 1961 563 2001 όντων.
584 1962 632 2001 H.
645 1962 847 2015 Sthephan.
859 1962 934 2002 Th.
950 1963 991 2001 L.
1001 1961 1051 2002 G.
1068 1962 1179 2009 T.11,
1191 1976 1227 2015 p.
1244 1976 1357 2015 1052,
1373 1961 1498 2002 omisit
1509 1962 1599 2016 γάρ·
1611 1963 1700 2004 ἀλλ’

443 2013 516 2056 {isn
537 2014 753 2068 Sisve'poece.
773 2018 936 2055 HEMST.

499 2072 572 2108 ead.
586 2070 610 2108 l.
630 2084 688 2118 14.
708 2071 777 2110 Καὶ
797 2070 978 2122 ἐξένευσεν
993 2069 1030 2109 ἐς
1040 2069 1105 2109 τὴν
1118 2067 1214 2122 γῆν)
1232 2068 1298 2108 An
1316 2067 1368 2108 sic
1383 2081 1485 2109 nunc
1498 2068 1625 2110 voluit
1640 2069 1702 2110 lo-

442 2123 510 2175 qui
525 2124 717 2163 Lucianus
727 2155 739 2171 ‚
755 2124 821 2177 qui
835 2124 874 2162 in
889 2123 1041 2176 dialogo
1062 2122 1240 2176 sequente
1251 2152 1261 2169 ,
1287 2124 1349 2162 καὶ
1366 2122 1425 2163 νῦν
1440 2123 1486 2163 σὺ
1501 2123 1701 2169 ἀναλαβὼν

441 2176 597 2228 ἐξενήξω
609 2177 660 2216 εἰς
672 2178 852 2229 Ταίναρον.
876 2172 918 2216 In
934 2178 1105 2216 mercede
1118 2176 1345 2223 Conduffis,
1357 2176 1640 2230 περιρὅξαντες
1654 2180 1702 2217 τὶ

442 2229 623 2270 δύστηνον
646 2231 866 2279 σκαφίδιον,
892 2231 1010 2270 &Omen
1033 2230 1157 2270 κακῶς
1179 2229 1408 2281 ἐξενήξαντο.
1430 2229 1575 2271 GRON.
1594 2231 1700 2284 Ergo

443 2296 511 2337 per
524 2283 774 2324 Gronovium
790 2285 981 2333 Luciano,
1002 2286 1091 2337 quia
1108 2285 1242 2323 dixerit
1262 2283 1373 2324 semel
1388 2285 1602 2337 iterumque
1619 2285 1699 2337 ἑξε-

442 2335 550 2387 νίιξω,
561 2337 795 2389 ἐξενήξαντο,
807 2337 986 2391 usurpare
1001 2339 1066 2377 vix
1076 2338 1202 2377 licebit
1214 2337 1397 2389 ἑξένευσε;
1421 2338 1455 2377 id
1470 2337 1597 2377 saltem
1615 2350 1697 2378 non

440 2391 733 2444 improbandum
747 2422 757 2438 ‚
781 2392 885 2445 quod
909 2393 967 2431 liic
986 2391 1192 2431 solemnem
1211 2391 1478 2431 confidentiam
1504 2391 1699 2432 dubitandi

442 2444 624 2486 modestia
651 2446 869 2485 molliverit.
902 2445 1166 2485 Reffissimum
1189 2445 1243 2485 est
1264 2460 1351 2492 νεω,
1376 2444 1485 2485 νεύσω
1502 2476 1515 2494 ,
1539 2445 1697 2485 νένευκα·

441 2511 616 2553 quaeque
629 2498 715 2539 hinc
727 2509 883 2540 manant
897 2500 1018 2539 multa
1028 2530 1041 2550 ,
1055 2500 1138 2553 pari
1157 2497 1283 2539 forma
1300 2498 1526 2540 scribuntur.
1542 2497 1633 2538 Plat.
1647 2498 1697 2540 de
