1748 3420
440 255 527 301 372
626 235 1498 305 ANtNOTATIONES

434 338 472 377 p.
496 323 573 376 699
592 324 642 363 A.
667 322 758 365 ἔστη
781 339 826 365 τε
850 325 914 364 ἐπὶ
940 323 1007 365 wis
1025 325 1159 368 σκηνῆς
1180 326 1196 366 ὅ
1215 329 1360 380 Καῖσαρ
1379 330 1691 384 τῖινκιθαρῳέικῗῖν

437 377 568 417 σκευὴν
583 376 800 418 ἐνὸεὸωἰώς·
821 380 871 418 ita
886 379 1022 419 Pollux
1044 380 1297 433 ἑπιπόρπαμα
1318 385 1476 436 exponit
1498 385 1694 438 κιθαρῳδοῦ

434 429 567 471 σκευὴν
590 431 646 477 Χ,
675 445 760 484 190.
788 433 949 473 HEMST.
995 481 1001 485 ἱ

489 483 579 537 Pag.
602 497 686 537 109.
705 486 728 523 l.
754 486 788 524 6.
803 485 886 524 Πῶς
907 485 945 524 <3⁹
964 481 1039 538 οὖν)
1053 486 1155 526 Coll.
1175 487 1214 527 P.
1232 488 1271 527 δι
1291 489 1334 528 L.
1352 489 1396 528 In
1419 490 1572 544 reliquis
1594 491 1696 531 ὅπως

473 535 546 582 οὖν,
557 538 681 578 minus
693 539 909 578 commode.
928 539 1221 579 Observandum
1234 543 1359 587 etiam,
1381 545 1639 595 praecedentia
1654 545 1693 584 in

470 621 477 628 .
494 590 678 642 Neptuno
692 604 772 631 non
795 593 934 640 tribui,
955 593 1127 646 adeoque
1143 608 1214 646 pro
1234 593 1331 644 ὑμᾶς
1355 596 1427 648 legi
1442 595 1556 646 ἧμᾶς·
1572 598 1611 637 &
1633 598 1694 638 hic

436 646 621 697 praeponi
645 649 725 682 ΠΟ.
748 645 905 685 SOLAN.
928 646 1077 694 Lefflo,
1100 661 1215 700 quam
1233 648 1270 686 P.
1287 649 1325 688 &
1340 649 1379 688 L.
1394 650 1597 702 praebent,
1619 652 1696 703 pri-

435 711 542 737 mum
557 699 743 751 originem
764 699 968 746 monstrat,
992 701 1091 740 unde
1111 701 1269 753 vulgata
1288 702 1460 742 fluxerit:
1484 716 1570 742 cum
1591 705 1694 743 enim

437 751 616 803 scriptum
632 751 767 800 suerat,
787 769 815 791 ο.
831 752 911 791 πῶς
924 753 961 792 δ’
975 749 1047 800 οὖν,
1062 754 1205 802 omissa,
1220 757 1325 807 quod
1341 755 1613 809 saepenumero
1624 756 1694 798 fie-

434 806 468 844 ri
481 804 574 844 solet
585 807 622 843 in
639 806 866 845 membranis
876 836 888 854 ,
904 807 1046 846 maiore
1061 807 1172 846 litera
1184 812 1219 845 Π
1230 839 1240 856 ,
1259 825 1276 846 ο
1290 810 1439 848 tandem
1454 810 1621 850 voculae
1637 810 1695 852 se-

435 860 569 912 quenti
583 860 754 900 iunftum
771 859 954 898 adhaefit:
980 862 1156 912 quamvis
1175 873 1303 900 autem
1318 862 1416 902 ὅπως
1431 863 1615 903 interdurn
1640 865 1695 904 ita.

436 911 603 965 positum
626 924 817 961 occurrat,
840 925 885 952 ut
898 914 1022 953 vicem
1039 913 1103 953 τοῦ
1114 914 1196 953 πῶς
1209 916 1317 955 obire
1339 917 1528 962 videatur,
1551 918 1611 956 hic
1632 928 1695 956 ta-

437 978 526 1005 men
538 966 654 1019 longe
669 967 762 1006 alius
775 966 827 1007 est
838 968 1022 1006 orationis
1038 978 1254 1016 contextus,
1269 982 1382 1021 quam
1395 971 1463 1022 qui
1475 982 1563 1009 eum
1579 970 1692 1011 usum

436 1020 602 1071 recipere
625 1019 747 1072 poffit.
763 1020 914 1060 Deinde
934 1019 1180 1073 suspicionem
1203 1023 1342 1068 iniicit,
1362 1023 1469 1063 aliter
1488 1023 1581 1063 olim
1596 1024 1694 1065 haec

437 1072 543 1112 fuisse
558 1073 722 1127 difijnua
735 1104 748 1120 ,
769 1086 859 1113 eum
876 1076 914 1113 in
927 1075 1083 1114 modum
1096 1073 1234 1114 scilicet
1246 1106 1257 1123 ,
1273 1087 1314 1115 ut
1327 1106 1339 1122 ,
1352 1089 1450 1128 quae
1464 1078 1692 1130 praecedunt

435 1125 518 1165 πῶς
531 1125 571 1165 θ’
583 1128 639 1165 οὐν
651 1127 729 1167 &c.
742 1128 880 1167 cunc'ia
892 1141 971 1170 non
983 1128 1169 1181 Neptuno
1178 1158 1188 1176 ‚
1206 1128 1267 1168 sed
1278 1129 1458 1181 Delphini
1472 1129 1613 1170 fuerint
1624 1133 1693 1171 tri-

437 1180 529 1218 buta
538 1194 550 1227 3
574 1181 679 1232 quod
691 1179 778 1220 satis
792 1182 997 1221 commode
1008 1181 1169 1234 potuisse
1187 1181 1289 1230 fieri,
1305 1184 1432 1223 nullus
1442 1185 1615 1237 equidem
1630 1197 1693 1225 ne-

437 1245 588 1285 gavero
599 1265 611 1282 ,
624 1235 743 1273 modo
757 1235 847 1274 illud
862 1231 959 1284 ὑμᾶς
973 1234 1136 1287 refingas
1150 1237 1187 1274 in
1201 1236 1255 1274 ὅτι
1271 1234 1370 1286 ἦμᾶς
1384 1238 1693 1292 καταναυμαχῆ·

436 1300 509 1326 σας
523 1287 596 1325 διε.
621 1287 822 1340 Conqueri
846 1301 926 1328 non
949 1289 1105 1328 absurde
1125 1290 1300 1332 videatur
1316 1289 1534 1344 Delphinus
1554 1292 1599 1331 de
1626 1293 1692 1333 sua

436 1339 672 1393 suorumque
685 1340 839 1382 fortuna
850 1372 861 1388 ‚
881 1343 919 1380 in
933 1355 1032 1395 quos
1046 1343 1222 1382 Bacchus
1235 1343 1421 1383 vffioriae
1435 1345 1591 1384 modum
1612 1358 1691 1386 non

435 1393 624 1434 statuerit:
647 1408 732 1434 nam
746 1407 895 1436 ceteros
908 1395 1033 1435 hostes
1043 1395 1063 1434 s
1060 1410 1130 1436 uae
1143 1396 1315 1449 potestati
1330 1396 1523 1438 subieciffe
1533 1411 1691 1440 conten-

436 1457 498 1487 tus
513 1446 663 1489 saevius
684 1450 721 1488 in
740 1449 856 1489 hosce
875 1449 1106 1490 miserrimos
1119 1451 1384 1490 animadvertit
1396 1482 1406 1498 ‚
1433 1451 1574 1505 eosque
1589 1451 1693 1505 figu-

435 1514 516 1540 ram
537 1501 740 1542 humanam
754 1516 895 1543 exuere
907 1504 1059 1556 coegit:
1083 1504 1193 1556 plura
1209 1506 1420 1557 garrittirus
1431 1517 1530 1552 erat,
1549 1508 1693 1560 quippe

436 1555 588 1609 delphin
599 1586 609 1602 ‚
630 1557 671 1596 δι
693 1558 795 1610 apud
809 1557 941 1597 Deum
954 1557 1021 1596 fibi
1033 1558 1143 1597 valde
1156 1556 1378 1598 familiarem
1389 1589 1402 1605 ,
1421 1572 1519 1611 quae
1534 1560 1623 1599 nihil
1645 1561 1692 1600 ad

436 1621 516 1648 rem
531 1609 569 1649 8ι
580 1610 740 1650 Arionis
753 1610 946 1650 historiam
960 1611 1207 1663 pertinerent,
1222 1611 1287 1651 nis1
1300 1613 1502 1664 Neptunus
1515 1613 1693 1667 interpel-

436 1661 562 1711 lasset,
574 1664 654 1703 πῶς
667 1664 709 1704 s'
723 1659 780 1704 οὖν
792 1665 862 1705 διε.
882 1676 920 1704 at
931 1676 972 1704 tu
987 1665 1106 1717 prius,
1122 1664 1234 1705 mistis
1248 1666 1334 1712 istis,
1349 1679 1450 1719 quae
1461 1667 1615 1707 minime
1627 1681 1693 1708 cu-

435 1729 483 1755 ro
493 1747 504 1763 ‚
527 1729 637 1757 narra
648 1718 759 1767 mihi,
785 1732 884 1771 quae
896 1718 1038 1758 Arioni
1052 1719 1294 1772 contigerint.
1322 1721 1430 1760 Haec
1442 1732 1484 1760 ut
1495 1732 1538 1760 ut
1551 1722 1691 1774 proba-

435 1769 500 1808 bili
523 1769 643 1823 specie
669 1772 924 1822 blandiantur,
943 1773 1064 1812 editae
1087 1782 1214 1813 tamen
1234 1773 1457 1813 distinctioni
1482 1774 1587 1814 litem
1608 1788 1691 1816 non

433 1836 593 1863 moveo.
620 1826 783 1865 HEMST.

489 1880 560 1916 ταιί.
577 1879 600 1917 l.
617 1893 631 1918 1
642 1876 826 1931 9..”Εδ“ειξε
835 1878 955 1920 πολὺν
966 1876 1070 1933 ἄγων
1082 1881 1167 1934 χρ.)
1179 1881 1358 1927 Memini,
1370 1881 1437 1933 qui
1449 1881 1576 1921 mallet
1586 1911 1598 1928 ,
1613 1879 1693 1921 {¹3⁸0-

437 1929 480 1982 ξε
498 1931 613 1971 πολὺν
630 1931 740 1987 οἴγειν
753 1948 821 1986 χρ,
842 1933 1069 1973 Cavendum
1081 1935 1152 1980 est,
1169 1948 1217 1974 ne
1230 1936 1346 1974 vilius
1360 1935 1435 1974 hoc
1450 1947 1539 1988 prae
1551 1934 1622 1975 isto
1637 1936 1691 1976 le-

435 1984 557 2025 &iore
579 1987 757 2039 cuiquam
778 1987 932 2040 placeat.
965 1987 1164 2028 Demosth.
1187 1989 1268 2041 περὶ
1294 1993 1467 2042 Παραπρ.
1490 2003 1526 2043 p.
1544 2002 1619 2042 320
1632 1989 1688 2030 D.

431 2036 500 2078 ἵνα
515 2038 586 2078 ὅσα
600 2039 684 2090 ὑμῖν
697 2039 927 2093 ὑπεσχόμην
941 2041 1148 2094 ἀρχόμενος
1166 2040 1231 2081 τοῦ
1246 2041 1380 2095 λόγου,
1403 2041 1516 2094 stige«,
1531 2057 1689 2082 πεποιη·

438 2093 523 2132 nais·
541 2094 624 2146 περὶ
641 2092 709 2134 τοῦ
724 2101 834 2143 Στεφ.
863 2107 899 2147 p.
916 2109 988 2148 509
1003 2094 1056 2134 D.
1075 2095 1227 2136 παῖέας
1247 2097 1311 2135 καὶ
1325 2096 1516 2150 ’γυναῖκας
1530 2094 1690 2146 ἑφήἶιμΐν

436 2143 664 2187 ποιήσαντες
674 2148 897 2201 σωφροσύνης
905 2150 1034 2188 πίστιν
1046 2149 1128 2199 περ)
1143 2146 1240 2200 ὑμῶν
1252 2148 1404 2203 ἔχοντες
1417 2148 1577 2201 &seigam
1590 2151 1692 2190 Mul-

431 2211 473 2240 ›ta
485 2199 571 2239 sunt
583 2202 664 2241 eius
675 2203 940 2255 generis,quae
952 2203 991 2241 in
1003 2201 1072 2242 usu
1085 2203 1269 2256 frequenti
1281 2204 1376 2242 tritis
1390 2216 1438 2243 ne
1452 2204 1595 2244 tirones
1607 2205 1690 2258 qui-

434 2255 521 2294 dem
535 2253 816 2304 frustrantur,in
827 2256 1031 2296 rarioribus
1045 2257 1155 2296 etiam
1169 2258 1398 2297 exercitatos
1409 2269 1689 2312 nonnunquam

432 2307 580 2348 fallunt.
611 2309 830 2349 Anaxandr.
850 2310 952 2363 apud
974 2310 1113 2350 Athen.
1130 2310 1239 2358 XIII,
1261 2326 1296 2362 p.
1316 2323 1390 2362 570
1409 2311 1450 2350 E.
1471 2333 1516 2341 —
1544 2313 1582 2351 ἦν
1597 2311 1690 2353 τότε

432 2361 502 2401 Καὶ
519 2362 682 2403 Θεολύτη
692 2365 790 2413 μαλ’
803 2361 1056 2415 εὐπρόσωπος,
1072 2365 1135 2404 καὶ
1149 2364 1246 2404 καλὴ
1258 2364 1451 2413 Ὓπέφαιν’
1473 2363 1623 2415 ἐσομένη
1637 2386 1683 2395 -

433 2416 468 2454 G·
488 2415 528 2467 se
555 2416 710 2456 bellulam
732 2418 914 2470 aliquando
930 2417 1009 2469 fore
1027 2434 1094 2457 non
1121 2418 1268 2470 obscuris
1289 2418 1423 2457 indiciis
1434 2417 1687 2470 pateflzct'ebat:

431 2468 703 2523 Dalecampius
719 2472 824 2520 inde,
841 2472 945 2524 quafi
961 2469 1116 2520 ὑφαίνειν
1129 2485 1201 2525 pro
1215 2468 1423 2519 ὑποφαίνειν
1434 2470 1600 2524 legisset,
1619 2481 1688 2512 aut
1714 2493 1727 2509 ,

430 2523 633 2577 legendum
647 2524 809 2578 putasset
816 2555 829 2575 ,
845 2526 1040 2566 textricem
1051 2526 1290 2578 Theolytam
1302 2525 1416 2566 nobis
1427 2525 1688 2567 concinnavit.
