1748 3420
417 232 508 292 326
608 222 1474 269 ANNOTATIONES

414 314 461 352 ad
474 310 684 350 Lucianum
698 339 710 355 ,
725 309 793 362 qui
807 308 1019 361 exprimere
1031 308 1209 348 destinata
1223 319 1399 362 tempora
1414 309 1553 358 voluit,
1568 321 1676 349 nem·

414 378 463 418 pe
477 364 614 402 alternis
627 364 750 402 diebus.
764 361 888 412 Quod
902 361 967 400 nisi
981 361 1167 401 constaret
1179 392 1189 409 ,
1204 375 1248 401 ac
1269 363 1320 401 sic
1334 363 1485 402 definite
1499 363 1675 416 loquere·

415 430 492 463 tur,
511 429 590 456 non
606 416 726 470 posset
744 416 840 454 infra
859 415 1058 468 Diogenes
1074 415 1216 454 Polluci
1231 416 1379 463 dicere,
1403 419 1461 455 σον
1476 423 1555 470 γάρ
1572 415 1675 457 ἐστιν

415 466 522 521 οἶμαι
544 473 588 508 τὶ)
607 468 803 514 ἀναβιῶναι
819 468 952 521 αὔριον,
972 468 1079 508 velut
1095 469 1267 508 dubitans
1283 469 1329 508 de
1351 480 1457 508 certo
1477 481 1676 523 tempore,

415 523 478 563 sed
486 533 587 563 certe
600 523 692 562 scire
706 522 741 562 se
754 522 900 561 dixiffet
914 522 1119 575 aliquando
1131 521 1370 562 reversurum
1386 523 1424 560 in
1439 524 1579 562 vitam:
1593 535 1673 562 non

416 577 634 630 Mercurius
658 575 828 628 Apollini
839 606 848 620 ,
877 575 892 614 ὃ
917 575 985 627 μὲν
1003 574 1096 626 χθὲς
1118 572 1202 624 ημῖν
1228 574 1519 629 ξυγγενόμενος,
1546 574 1675 614 ἐκεῖνος

416 630 574 680 Kaio-mg>
587 632 638 669 ὴν.
655 631 753 669 Mox
769 628 922 682 peffime
935 630 973 668 in
990 629 1060 667 hac
1079 629 1249 668 editione
1268 629 1469 680 repetitum
1486 641 1533 668 ex
1554 641 1676 679 prava

416 682 658 722 Salmurienfi
674 683 736 721 καὶ
753 682 847 731 ὃμὲν
859 679 1060 733 Ἀλκμήνης
1075 682 1139 720 καὶ
1154 683 1320 731 Σεμέλης
1337 681 1423 726 υἱὸς,
1444 694 1532 720 cum
1546 681 1677 735 sequa·

416 747 482 776 tur
494 737 678 790 γενόμενοι
697 733 931 787 εὐωχοῦνται
944 734 1174 787 ἀφρόντιδες,
1190 735 1230 774 &
1245 734 1345 775 recte
1358 735 1520 774 habeant
1532 735 1679 788 priores

416 790 448 831 οἱ
461 790 534 829 υἱοί.
553 790 696 829 GRON.

471 847 545 883 ead.
565 845 586 882 l.
603 857 638 897 9.
660 842 703 881 Οἱ
715 841 782 893 μὲν
799 843 932 891 Ἀλκμ.
946 840 1011 879 καὶ
1028 844 1121 890 Σεμ.
1135 840 1230 893 υἱοὶ)
1246 842 1287 879 B.
1305 854 1339 879 2.
1357 840 1388 880 οἱ
1410 863 1454 870 -
1480 839 1557 881 υἱοί.
1572 841 1677 894 quod

418 910 441 937 a
454 897 665 937 Gronovio
677 897 879 935 monitum.
895 895 934 934 In
949 895 1105 946 reliquis
1125 893 1141 932 ὅ
1156 917 1200 924 -
1216 894 1300 934 υἱός.
1315 894 1429 933 Parvi
1445 894 1573 943 refert,
1587 906 1677 934 utro

418 952 538 991 modo
551 951 661 1004 legas.
678 950 833 989 SOLAN.
849 948 890 988 Si
903 950 940 987 in
957 951 1072 1000 poeta
1088 949 1270 1000 quopiam
1291 947 1574 999 dithyrambico
1586 961 1677 988 vet-

418 1006 602 1044 1'aremur.
621 1015 685 1042 aut
697 1016 743 1042 ex
758 1001 940 1042 eiusmodi
952 1003 1119 1040 carmine
1134 1002 1251 1040 verba
1263 1001 1390 1041 forent
1403 1001 1572 1040 desumta
1582 1031 1596 1048 ,
1616 1013 1679 1041 to-

419 1059 528 1097 lerari
544 1056 663 1110 poss'et
675 1057 946 1096 Alcmanicum
963 1054 1129 1094 schema:
1151 1068 1253 1094 nunc
1275 1054 1371 1094 nihil
1383 1054 1435 1094 est
1449 1055 1678 1106 expeditius,

419 1124 537 1164 quam
562 1123 605 1149 ut
627 1123 710 1149 eam
735 1110 935 1149 lefflonem
963 1108 1245 1162 ampleftamur,
1267 1121 1382 1161 quam
1407 1108 1470 1148 lex
1493 1108 1678 1148 orationis

419 1164 554 1217 prosae
567 1164 720 1215 flagitat.
742 1165 906 1202 HEMST.

475 1221 546 1256 ead.
559 1218 585 1255 l.
597 1231 610 1255 x
623 1231 653 1255 1.
670 1217 737 1254 Καὶ
751 1215 806 1256 νῦν
819 1231 898 1268 οιρτι
911 1212 1049 1255 {imm
1061 1230 1110 1265 με
1123 1214 1201 1254 ἀπὸ
1214 1213 1373 1255 Σιδῶνος
1385 1216 1492 1267 παρὰ
1503 1213 1567 1255 τῆς
1577 1213 1677 1254 Κάθ-

418 1286 492 1322 μου
514 1273 712 1323 θυγατρὸς
731 1270 782 1318 ἐφ’
808 1269 846 1309 ἣν
861 1270 1037 1318 πέπομφέ
1052 1283 1125 1318 με,
1149 1268 1326 1319 ὀψόμενον
1348 1269 1366 1306 ὅ
1377 1298 1391 1315 ,
1410 1283 1450 1306 τι
1476 1269 1634 1320 πράττει
1655 1266 1675 1310 ἦ

419 1324 536 1376 ταῖς)
555 1325 663 1363 Haec
685 1336 763 1362 non
786 1322 944 1375 quilibet
971 1323 1163 1375 intelligat.
1185 1321 1247 1362 Est
1270 1323 1370 1361 enim
1398 1320 1676 1375 fabula,quam

419 1380 568 1430 tangit,
594 1390 674 1417 non
695 1389 744 1416 ex
767 1377 934 1429 protritis
961 1377 1000 1415 δι
1023 1376 1268 1429 pervulgatis.
1289 1376 1455 1414 Narrant
1479 1375 1519 1414 &
1540 1375 1677 1414 Iovem

419 1445 509 1471 cum
523 1445 570 1472 ex
581 1430 727 1470 femore
739 1429 958 1481 Dionysum
973 1429 1180 1482 peperisset,
1193 1429 1377 1468 sublatum
1389 1428 1523 1468 iuffiffe
1535 1429 1580 1468 ad
1592 1429 1679 1469 lno-

420 1498 508 1524 nem
524 1485 656 1524 Cadmi
671 1484 809 1533 filiam,
829 1483 993 1523 Semeles
1011 1483 1205 1530 sororem,
1228 1481 1407 1535 perferri,
1427 1482 1467 1522 &
1489 1479 1538 1521 ὦς
1557 1481 1676 1534 κόρην,

417 1555 482 1593 pro
490 1540 604 1592 puella
616 1539 668 1577 ibi
683 1538 853 1578 educari:
877 1538 953 1576 vid.
970 1537 1148 1590 Apollod.
1168 1536 1221 1576 111
1240 1536 1419 1575 Biblioth.
1437 1535 1573 1589 Itaque
1588 1537 1678 1575 dicit

421 1594 650 1640 Mercurius,
664 1591 700 1631 se
716 1604 820 1631 nunc
835 1603 884 1631 eo
897 1589 1044 1630 missum
1057 1590 1130 1630 effe
1145 1603 1166 1630 a
1179 1590 1274 1629 love
1285 1589 1423 1639 visum,
1440 1590 1530 1643 quid
1545 1599 1678 1643 ageret

421 1647 485 1686 illa
498 1645 645 1700 puella,
663 1646 840 1685 nimirum
858 1643 1072 1695 Dionysus.
1088 1644 1262 1684 GRAEV.

475 1703 546 1739 ead.
561 1702 584 1739 l.
604 1713 661 1738 12.
676 1700 766 1738 Ἀπὸ
780 1697 956 1751 ΣιεΓῶνος)
972 1697 1151 1737 Fabulam
1166 1698 1281 1742 illam,
1298 1709 1414 1750 quam
1425 1696 1551 1737 voluit
1559 1695 1679 1737 Grae-

420 1754 523 1802 vius,
538 1753 565 1792 sl
578 1754 738 1805 tetigerit
751 1751 904 1801 Noster,
915 1752 1004 1791 nihil
1019 1751 1084 1799 est,
1097 1752 1202 1804 quod
1217 1752 1320 1804 prius
1332 1751 1544 1797 credamus,
1559 1763 1676 1803 quam

420 1807 527 1847 illum
544 1807 699 1859 intelligi
720 1804 899 1846 noluiffe:
919 1818 1017 1858 quae
1037 1806 1136 1844 enim
1157 1806 1259 1844 acies
1273 1805 1519 1857 quantumvis
1539 1803 1679 1858 perspi-⁶

422 1875 493 1901 cax
505 1874 570 1912 per
581 1861 677 1899 banc
692 1859 778 1899 satis
790 1859 939 1912 planam
953 1860 1167 1898 orationem
1181 1860 1228 1897 ad
1241 1858 1328 1897 illud
1345 1870 1527 1897 arcanum
1540 1870 1678 1911 perva-

421 1915 507 1954 dat?
531 1915 655 1953 lmmo
674 1926 772 1953 vero
795 1912 901 1952 facile
925 1912 1047 1966 potest
1069 1913 1242 1963 probari,
1261 1911 1350 1950 nihil
1374 1912 1542 1952 Luciano
1568 1910 1679 1953 fuisse

420 1969 548 2007 minus
562 1969 601 2007 in
622 1977 770 2015 mente,
791 1979 878 2006 cum
899 1966 992 2006 haec
1008 1966 1204 2006 scriberet:
1227 1966 1325 2018 apud
1341 1965 1524 2018 Apollod.
1544 1964 1617 2013 ΙΙΙ,
1635 1979 1675 2019 p.

425 2036 514 2072 171,
533 2022 702 2074 Iuppiter
716 2022 852 2061 enixus
865 2021 1056 2060 Bacchum
1073 2020 1268 2059 Mercurio
1286 2020 1420 2065 tradit,
1439 2017 1514 2058 ὅδὲ
1530 2020 1677 2070 κομίζει

418 2078 508 2126 πρὶς
520 2076 589 2114 Ἰνὼ
603 2076 667 2114 καὶ
682 2074 895 2124 Ἀθάμαντα
907 2104 920 2120 ,
937 2073 1001 2112 καὶ
1026 2073 1138 2112 πείθει
1152 2074 1290 2125 τρέφειν
1313 2069 1360 2111 ὦς
1375 2072 1485 2124 κόρην·
1499 2073 1604 2125 atqui
1617 2072 1677 2111 Α-

418 2129 568 2168 thamas
591 2130 628 2167 δι
649 2129 718 2168 Ino
741 2128 877 2181 procul
892 2127 1046 2166 aberant
1069 2128 1226 2172 Sidone,
1247 2136 1290 2166 ut
1303 2139 1350 2165 ex
1362 2125 1542 2165 Pausania
1559 2137 1676 2179 atque

418 2182 500 2221 aliis
514 2182 566 2221 est
588 2181 835 2221 manifestum.
853 2181 929 2220 Vel
951 2181 1043 2221 haec
1065 2180 1138 2220 effe
1158 2180 1269 2220 valde
1289 2191 1472 2231 corrupta
1490 2190 1647 2233 oportet
1660 2209 1676 2226 ,

418 2238 481 2274 vel
496 2265 506 2282 ,
527 2237 631 2288 quod
646 2237 772 2289 potius
785 2235 916 2281 credo,
934 2235 1143 2274 Lucianum
1160 2234 1369 2273 memoriae
1381 2234 1478 2272 vitio
1488 2263 1500 2279 ,
1515 2234 1603 2272 dum
1617 2233 1675 2272 his

418 2289 570 2328 ludicris
583 2291 750 2328 animum
771 2290 913 2328 relaxat
924 2317 934 2336 ,
955 2301 1090 2341 parum
1107 2299 1292 2328 attentum
1308 2299 1380 2340 pro
1391 2286 1524 2327 sorore
1537 2286 1675 2337 Cadmi

417 2343 533 2382 filiam
549 2342 719 2397 posuisse.
737 2344 900 2382 HEMST.

469 2397 549 2436 ibid.
562 2395 628 2435 Τιῖς
642 2396 797 2447 Κάδμου
809 2395 1028 2448 θυγατρὸς)
1042 2393 1224 2446 Ἀὃελφὶῐς
1238 2393 1358 2434 forte:
1378 2393 1415 2432 id
1426 2391 1478 2433 est
1487 2424 1498 2442 ,
1523 2391 1590 2433 τοῖς
1609 2388 1673 2432 Εὖ·

417 2451 538 2503 ρώπως
552 2449 618 2488 τῆς
631 2450 696 2503 Ἀ)
707 2451 831 2502 ηνορος.
843 2450 1010 2490 GUYET.

468 2506 540 2543 ead.
553 2504 577 2544 l.
594 2505 652 2545 16.
665 2503 883 2557 Ἀντιόπην)
899 2501 998 2544 Vide
1016 2516 1088 2557 ¹92
1108 2501 1154 2543 C.
1170 2501 1210 2543 δι
1223 2502 1316 2543 Not.
1334 2501 1432 2554 Lyci
1441 2500 1668 2541 Thebarum
