1748 3420
133 180 215 226 IN
247 179 660 227 DIALOGOS
695 182 1196 229 MORTUORUM.
1230 198 1324 247 471

0 288 18 317 η,
51 277 125 308 tus.
144 270 266 310 Corn.
284 271 437 324 Nepos:
454 273 651 320 Hamilcar,
667 272 880 311 Hannibalis
900 273 1009 320 filius,
1023 272 1215 325 cognomine
1229 273 1326 311 Bar·

2 331 17 367 1.
49 337 123 362 cas.
139 323 348 376 Polybius:
363 325 543 376 Ἀμίλκαν
557 329 622 364 τὸν
641 326 784 377 Βάρκαν
797 326 1094 375 ἐπικαλούμενον.
1115 327 1257 365 Zonar.
1271 327 1325 367 T.

47 374 99 423 11,
111 389 146 428 p.
161 389 232 427 70:
247 378 410 423 Ἀννίβας
428 378 525 419 παῖς
538 377 606 418 τοῦ
620 378 795 430 Ἀμίλκου
808 378 876 418 τοῦ
887 379 1092 432 Βαρχίὸου.
1108 380 1206 419 Vide
1218 393 1327 433 egre-

0 451 13 474 :-
53 429 112 481 gie
127 430 282 477 doctum
306 433 432 472 virum
452 432 513 472 Fr.
533 431 787 486 Oudendorp·
809 434 854 472 ad
879 433 1051 473 Frontin.
1069 432 1141 483 111,
1157 447 1238 486 cap,
1260 448 1325 485 10,

55 482 71 532 §
89 496 124 535 9.
155 485 318 524 HEMST.

106 537 198 588 Pag.
225 551 308 591 ¹73·
326 539 349 578 l.
365 551 395 577 1.
412 539 606 578 Ἀποο-τιὶς
619 534 691 579 τῶν
704 538 905 592 πατρῴων)
927 539 1094 579 Subaudi
1112 540 1278 591 ἐθισμῶν,
1299 557 1323 579 a

2 622 10 630 .
46 591 174 643 patriis
189 591 348 644 institutis
359 591 551 644 desciscens,
568 605 648 632 non
659 623 673 639 ,
689 609 711 631 a
721 605 863 642 paterna
876 593 1011 640 virtute,
1029 605 1071 633 ut
1086 594 1199 633 habet
1212 595 1327 634 inter-

0 665 8 693 3
51 655 150 696 pres.
170 643 376 684 Obiet‘ium
393 645 445 685 est
461 645 692 699 potiffimum
708 647 947 692 Alexandro,
961 648 1069 699 qu9d
1085 647 1223 686 tenetis
1239 661 1325 687 mo-

0 729 9 737 .
52 697 157 736 ribus
183 699 441 740 Macedonicis
464 699 632 740 Persicos
656 700 840 740 indueret.
864 700 954 740 Vid.
970 700 1071 740 Dial.
1094 700 1255 754 Philippi
1283 702 1324 743 ὃ(

0 783 7 792 .
51 749 271 790 Alexandri.
295 752 422 792 CLER.

106 804 186 843 ibid.
201 806 269 844 Καὶ
286 805 441 846 δίαιταν
453 806 520 847 τὴν
532 807 699 846 Mnaemiw
708 805 986 858 μετεὲιῇτινσεν
998 805 1154 859 ἑαυτου)
1170 807 1323 847 Locum

51 855 242 910 integrum
256 861 408 912 quoties
418 874 493 913 ego
508 861 664 900 intueor
676 861 715 900 &
724 861 985 914 contemplor,
995 874 1075 899 non
1084 861 1214 906 video,
1229 863 1323 913 quin

0 939 2 962 ἱ
51 912 232 952 exciderit
248 913 284 952 ἐς
301 914 363 954 vel
382 914 450 961 εἰς,
475 915 754 967 legendumque
774 914 838 961 fit,
855 915 918 954 καὶ
940 915 976 953 ἐς
995 914 1150 954 ὃίαιταν
1168 914 1234 952 τὴν
1248 918 1325 954 Mn·

0 1000 3 1007 .
51 963 158 1005 sanim
175 966 448 1018 μετεέιῄτησεν
461 966 604 1007 ἑαυτόν.
621 969 822 1007 Alexander
836 984 913 1007 vero
930 965 1102 1020 acceptum
1117 985 1139 1006 a
1149 980 1245 1021 patre
1258 969 1324 1007 im-

0 1052 2 1060 ,
47 1019 178 1071 perium
195 1022 319 1067 auxit,
343 1022 378 1060 δ’
389 1022 553 1073 fortunae
577 1024 722 1075 quodam
733 1023 859 1075 impetu
875 1021 959 1071 usus
972 1024 1113 1060 multum
1128 1022 1324 1074 ampliavit.

0 1113 1 1117 ,
57 1073 128 1124 Qui
145 1077 319 1127 postquam
327 1077 493 1127 perditum
513 1076 607 1115 illum
622 1077 777 1115 Darium
793 1079 843 1115 ad
851 1076 956 1128 Iſj'um
970 1075 1005 1113 ὃ*
1017 1076 1168 1114 Ανόείας
1180 1077 1322 1124 devicit,

52 1142 75 1164 a
85 1139 230 1178 paterna
244 1129 367 1168 virtute
379 1132 594 1183 degenerans,
609 1131 746 1170 adorari
759 1130 870 1169 voluit
879 1161 891 1176 ‚
899 1129 1037 1182 seseque
1049 1128 1225 1181 affuefecit
1238 1131 1322 1169 mori

49 1180 185 1220 vivendi
201 1185 298 1235 apud
304 1186 430 1222 Medos
449 1196 588 1237 recepto,
601 1183 766 1223 affumfit
782 1184 988 1222 Medorum
1005 1197 1156 1230 mores;
1177 1183 1323 1223 transiit

50 1233 90 1272 in
101 1235 308 1276 Medorum
323 1250 464 1276 mores.
481 1236 712 1277 Scioinferri
727 1237 846 1290 poffe,
862 1236 1108 1277 accusativos
1121 1237 1207 1276 illos
1219 1237 1323 1277 siaa-

50 1302 123 1326 ταν
137 1289 205 1329 τὴν
219 1290 387 1331 Mnsmhv
400 1290 544 1343 pofitos
559 1291 631 1331 effe
647 1305 712 1344 per
727 1291 869 1344 ellipsin
883 1289 950 1330 τοῦ
963 1292 1084 1331 κατα.
1097 1291 1152 1329 At
1167 1304 1327 1341 vereor,

52 1354 100 1380 ne
116 1343 191 1382 hoc
213 1343 299 1397 plus
313 1357 439 1398 aequo
455 1345 515 1383 hic
530 1344 575 1383 fit
589 1346 743 1392 durum,
757 1346 796 1384 δι
813 1346 860 1384 ab
872 1344 1102 1391 molliffima‚
1117 1359 1232 1398 quam
1246 1345 1324 1385 Lu·

50 1396 187 1436 cianus
199 1409 314 1440 tenet.
326 1399 475 1438 dicendi
491 1400 642 1439 ratione
653 1399 772 1452 paulo
783 1400 954 1438 alienius.
966 1398 1070 1438 IENS.
1080 1400 1134 1437 Ἐς
1148 1398 1324 1452 δίαιταν)

51 1449 95 1488 In
111 1451 290 1491 omnibus
302 1452 407 1493 libris
420 1452 520 1492 deest
536 1452 626 1492 illud
642 1454 692 1501 ἐς,
705 1453 809 1505 quod
824 1452 1005 1492 sententia
1014 1463 1155 1499 tamen,
1165 1464 1208 1492 ut
1220 1453 1323 1493 recte

51 1504 146 1542 vidit
163 1505 328 1554 Ienfius,
354 1507 522 1560 requirit.
548 1506 590 1545 In
606 1508 663 1546 ed.
685 1507 711 1544 I.
730 1507 822 1546 loco
843 1507 915 1546 suo
933 1517 1083 1546 motum
1109 1519 1150 1545 re
1180 1507 1324 1555 eritur;

51 1560 157 1610 quod
171 1559 270 1599 haud
292 1561 403 1600 dubie
416 1574 620 1613 operarum
641 1561 809 1600 incuriae
828 1561 1094 1614 imputandum
1115 1574 1135 1600 e
1170 1590 1179 1599 .
1205 1561 1325 1600 Bonis

51 1611 181 1665 itaque
206 1614 343 1653 avibus
363 1616 402 1653 in
426 1615 599 1667 pristinas
621 1615 750 1654 redeat
772 1614 898 1663 sedes;
917 1615 1024 1667 quod
1050 1616 1125 1653 iam
1146 1628 1169 1653 a
1191 1614 1325 1655 clariff.

52 1666 342 1707 Hemsterhufio
357 1667 498 1708 fanum
515 1669 554 1707 in
569 1667 636 1708 sua
648 1668 909 1721 Dialogorum
923 1668 1092 1708 editione
1105 1669 1230 1708 video.
1248 1668 1326 1707 So-

53 1730 150 1760 LAN.
171 1721 262 1760 Non
278 1724 451 1774 poenitet
464 1722 717 1762 interiunuae
729 1723 803 1762 iam
816 1723 910 1762 olim
926 1722 1157 1775 particulae:
1179 1733 1327 1762 certam-

53 1772 208 1827 linguae
225 1777 415 1816 rationem
427 1808 438 1825 ‚
465 1776 506 1816 &
520 1774 748 1816 consensum
763 1777 1002 1816 eruditorum
1014 1776 1213 1816 hominum
1227 1789 1325 1815 con·

53 1837 111 1866 tra
125 1829 232 1868 MSS.
247 1829 410 1870 Codices
423 1829 602 1876 aestimo,
623 1829 840 1882 praesertim
855 1832 894 1869 in
914 1830 985 1869 hac
1000 1830 1113 1870 causa
1127 1830 1327 1883 Stephano

52 1895 263 1934 praeeunte
275 1883 389 1924 Thes.
399 1885 448 1924 T.
462 1884 494 1933 I,
509 1898 544 1937 p.
559 1883 608 1936 98
619 1897 650 1936 5.
668 1883 934 1931 Μεταὲιαιτῶ,
948 1884 1090 1937 inquit,
1103 1899 1229 1936 quoque
1243 1898 1325 1923 voce

52 1937 165 1975 αξῖῖνα
179 1940 276 1990 apud
284 1939 427 1977 Lat-ian.
446 1941 484 1977 de
505 1939 709 1977 Alexandro
722 1967 732 1985 ‚
760 1939 917 1978 ἓίαιταν
931 1939 997 1977 τὴν
1021 1937 1188 1977 Musam
1207 1951 1324 1987 μετε-

54 1989 230 2041 ὃιῇτησεν
243 1991 389 2042 ἑαυτὸν,
401 1994 489 2045 idest
501 1993 622 2044 ‚suum
635 1993 727 2030 vitae
737 2007 842 2045 genus
853 1993 991 2031 A1edico
1006 1992 1233 2031 commutavit.
1255 1992 1327 2029 Sed

0 2048 1 2051 ’
55 2061 123 2084 non
142 2047 257 2084 dubito
268 2075 281 2092 ,
302 2047 383 2098 quin
403 2045 556 2097 mendose
577 2046 748 2098 omlff‘astt
758 2046 958 2098 praepositio
976 2045 1026 2084 εἰς
1045 2057 1134 2084 ante
1157 2045 1325 2084 δίαιταν.

55 2098 247 2139 Eiusmodi
265 2110 448 2139 mutatam
463 2100 618 2140 vivendi
631 2100 819 2139 rationem
831 2130 845 2145 ,
867 2100 957 2139 &in
972 2100 1137 2139 deterius
1156 2112 1177 2138 a
1194 2099 1330 2151 patriis

55 2152 231 2192 institutis
249 2153 540 2206 degenerantem
555 2164 671 2193 vocat
691 2153 885 2193 Plutarch.
907 2153 978 2193 τῶν
996 2154 1163 2205 πατρίων
1177 2152 1328 2192 ἐκδιαί-

54 2220 162 2246 τησιν
177 2207 270 2254 ἐθῶν,
287 2207 425 2246 rectius
439 2221 486 2247 ex
502 2207 857 2247 Grammaticorum
879 2208 1106 2259 praeceptis,
1120 2219 1234 2259 quam
1249 2206 1328 2245 Lu-

57 2261 188 2300 cianus
209 2262 388 2300 ἀποστὲις
409 2261 480 2300 τῶν
496 2259 688 2313 πατρῴων·
705 2261 904 2314 utriusque
916 2261 1100 2300 vocabuii
1112 2259 1326 2307 discrimen,

57 2314 96 2352 in
119 2327 247 2367 eoque
267 2316 487 2355 cautionem
507 2315 771 2355 Atticistarum
786 2314 961 2368 exposuit
975 2314 1170 2354 Graevius
1193 2314 1237 2352 ad
1259 2313 1329 2352 So-

57 2368 154 2407 loec.
172 2368 187 2418 §
210 2382 244 2419 5,
259 2367 524 2413 subdubitans,
538 2382 585 2408 an
600 2369 702 2409 recte
715 2369 865 2422 legatur
880 2368 1074 2420 πατρῴων,
1095 2381 1182 2408 cum
1198 2367 1328 2420 potius

56 2421 346 2462 existimandum
361 2422 403 2461 sit
416 2423 599 2474 probatae
616 2422 682 2461 fibi
698 2436 857 2462 normae
866 2421 1027 2461 voiuiffe
1037 2422 1248 2461 Lucianurn
1260 2421 1330 2458 ob-

58 2485 292 2529 temperare:
314 2490 465 2525 verum,
478 2477 663 2530 quoniam
674 2475 799 2533 saepe,
811 2489 910 2531 quos
920 2478 958 2515 in
967 2474 1173 2515 Soloecista
1187 2473 1338 2515 ridendi

955 2529 1091 2583 Gg4
