1748 3420
114 220 195 266 IN
229 218 620 267 DIALOGOS
657 218 1166 267 MORTUORUM.
1202 222 1300 284 467

23 316 93 349 ‘me
115 307 313 360 profitear,
341 310 380 349 δι
401 310 630 350 Scholiastae
650 310 749 349 Caff.
773 311 1027 364 omniumque
1051 312 1302 364 interpretum

25 363 203 414 -partibus
222 364 352 414 potius
365 365 564 411 accedam3
590 377 686 416 quas
701 364 789 403 sane
801 395 811 412 ,
832 364 1072 416 simulatque
1085 365 1194 404 locus
1207 366 1303 405 boni

27 414 228 467 scriptoris
248 415 564 457 incontroversus
577 416 691 456 fuerit
708 419 904 470 prolatus,
931 418 996 456 ubi
1018 432 1102 457 τους
1116 422 1305 469 πολέμους

28 467 213 521 ὃιαφέρειν
229 469 326 508 idem
343 470 472 509 valere
494 470 660 517 constet,
680 472 786 522 quod
805 472 890 511 bello
908 473 1074 522 strenuum
1093 486 1192 525 atque
1213 488 1304 527 egre·

28 522 124 574 giam
136 522 220 573 effi,
235 522 372 562 lubens
388 523 566 563 deseram.
587 525 751 563 Hi-:MS-r.

86 582 161 614 ead.
177 577 201 613 l.
220 588 252 626 5.
267 577 320 614 Ἐν
331 580 432 626 μέρει
450 577 622 629 ἑκάτερος
637 578 801 630 εἰπάτω)
816 577 947 617 Iulian.
959 576 1108 617 Caesar.
1123 592 1207 631 p-31
1217 577 1238 617 8
1252 580 1307 622 Α.

31 629 97 667 καὶ
121 628 136 666 ὃ
151 629 218 678 μὲν
230 628 355 680 ‘Epa-235
371 626 470 681 ἠξίου
486 632 612 683 λέγειν
635 627 794 670 ἕκαστον
809 632 842 669 ἐν
854 633 955 683 μέρει
969 631 1136 682 περὶἽῶν
1154 631 1303 672 ἑωυτοῦ.

30 681 178 722 Ι11υάέν
192 684 291 734 μέρει
310 684 374 723 vel
391 688 424 723 ἑν
435 684 489 732 τῷ
498 699 597 735 μερει
610 686 711 736 apud
724 685 907 724 Nostrum
921 684 1112 736 frequens,
1128 686 1172 723 ad
1184 687 1306 737 quod,

31 735 102 774 etsi
118 736 214 775 bene
231 749 437 776 monuerat
452 738 502 777 G.
515 737 693 777 Budaeus
705 738 751 777 C.
767 738 808 777 L.
825 738 874 778 G.
890 751 925 790 p.
939 752 1032 786 772,
1047 738 1154 790 saepe
1169 739 1307 778 nihilo-

33 790 160 830 minus
181 790 407 842 interpretes
418 790 678 837 offenderunt,
698 791 891 843 eleganter
905 791 1103 830 illustravit
1119 791 1192 830 lac.
1207 792 1307 832 Gro·

38 855 133 882 nov.
151 843 198 881 ad
211 844 366 882 Arrian.
382 844 432 883 A.
450 845 635 890 A.111,c.
652 847 722 892 26,
741 859 775 897 p.
794 859 877 893 142.
907 846 1070 883 HEMST.

86 900 164 934 ead.
177 897 199 934 l.
215 895 250 936 8.
264 898 331 936 Tine
343 897 513 937 Ἑλλάδα
527 899 644 948 φωνὴν
659 898 730 950 ἐξ.)
747 899 838 938 Non
853 898 998 937 neceffe
1014 908 1095 937 erat
1110 897 1185 936 hoc
1198 911 1219 936 a
1233 898 1305 937 Lu-

35 949 150 989 ciano
165 949 274 1002 fingi:
293 963 381 989 nam
393 952 604 1000 Hannibal,
617 965 705 991 cum
724 954 760 990 in
774 951 918 1004 superis
933 951 1036 999 effer,
1049 951 1200 990 Graece
1217 951 1309 991 scie·

0 998 2 1012 '
35 1003 116 1048 bat,
137 1016 226 1043 curn
241 1004 425 1056 opuscula
438 1005 586 1045 Graece
598 1004 803 1058 scripsisset.
828 1005 948 1044 Corn.
966 1006 1099 1056 Nepos
1113 1017 1144 1043 c.
1168 1019 1206 1057 ¹3
1226 1006 1308 1046 eius

33 1057 160 1096 vitae:
183 1059 257 1096 Hic
271 1069 388 1096 tantus
403 1061 469 1107 vir,
485 1059 653 1112 tantisque
672 1060 766 1097 bellis
787 1060 958 1112 distans,
973 1059 1128 1097 nonnihil
1145 1061 1303 1112 temporis

0 1118 1 1121 ’
34 1111 152 1149 taibuit
167 1111 270 1150 literis
281 1126 293 1150 .·
317 1128 459 1165 namque
474 1113 603 1166 aliquot
616 1114 687 1151 eius
701 1113 777 1152 libri
782 1114 870 1164 sunt
884 1116 1015 1152 Graeco
1022 1113 1175 1163 sermone
1190 1113 1308 1164 conf&-

36 1165 91 1203 Hi.
107 1165 148 1203 In
164 1165 218 1203 his
236 1167 286 1203 ad
295 1167 465 1212 Rhodios,
479 1169 518 1204 de
533 1169 594 1206 Cn.
608 1168 741 1205 Manlii
757 1167 794 1203 V
790 1168 919 1207 altonis
934 1168 970 1205 in
982 1168 1072 1218 Asta
1086 1168 1183 1204 rebus
1196 1169 1307 1220 gestis.

37 1216 163 1258 (ΣΙ-εκ.
179 1218 440 1259 Credemusne
460 1221 633 1260 Luciano
652 1222 824 1260 innuenti
839 1221 918 1265 hic,
939 1220 1209 1267 Hannibalem,
1229 1232 1310 1260 tam

37 1272 104 1311 diu
115 1283 224 1311 extra
237 1274 396 1326 patriam
411 1274 515 1313 bellis
528 1274 638 1326 gestis
648 1305 659 1323 ‚
672 1275 710 1315 &
725 1276 763 1314 in
778 1275 910 1314 exsilio
923 1274 1072 1314 Graece
1087 1272 1308 1314 nesciviffe?

36 1326 154 1365 Haud
167 1325 254 1366 sane
272 1328 361 1366 mihi
376 1326 419 1367 fit
433 1341 530 1368 vero
549 1328 678 1367 simile.
702 1328 824 1368 Corn.
846 1329 981 1382 Nepos
1002 1329 1073 1374 ait,
1092 1341 1181 1367 eum
1197 1330 1307 1380 Sofilo

0 1404 2 1418 l
36 1380 210 1419 literarum
223 1382 431 1421 Graecarum
442 1383 538 1433 uficm
551 1383 614 1435 ff
626 1387 761 1422 doHore.
774 1383 933 1422 SOLAN.
943 1382 1180 1420 Hannibalem
1194 1384 1306 1421 Grae-

37 1449 74 1474 ce
93 1434 191 1473 etiam
205 1434 353 1474 locutum
368 1436 471 1487 lepide
484 1437 535 1474 ait
545 1439 721 1476 Lucianus
734 1436 806 1475 τῶν
822 1435 995 1489 Νεκρικῶν
1015 1435 1120 1474 Dial.
1137 1434 1235 1483 XII,
1266 1448 1309 1475 ut

37 1499 148 1526 notat
161 1488 210 1526 A.
226 1488 372 1528 Schott.
389 1490 435 1528 ad
448 1489 570 1530 Corn.
589 1491 730 1544 Nepot.
749 1491 913 1529 Hannib.
930 1503 966 1528 n.
987 1489 1049 1542 38,
1071 1489 1176 1534 loco,
1192 1503 1310 1542 quem

39 1540 239 1590 afferebat,
252 1556 388 1595 parum
399 1555 541 1583 attente
553 1545 806 1584 considerato.
819 1546 874 1583 Lu
881 1545 1012 1584 cianus
1025 1556 1150 1582 autem
1167 1544 1230 1581 vix
1243 1543 1314 1593 est,

41 1607 88 1634 ut
104 1608 239 1635 notam
254 1610 331 1636 non
348 1610 552 1646 mereatur,
565 1600 634 1651 qui
649 1599 905 1638 Hannibalem
921 1598 967 1637 ad
980 1597 1123 1637 inferos
1135 1608 1312 1648 penetra-

39 1662 84 1689 re
106 1649 228 1697 iuffit‚
255 1662 296 1690 ut
318 1651 368 1689 ibi
392 1651 543 1691 demum
558 1653 731 1693 Graecae
747 1653 900 1705 linguae
920 1652 1094 1690 notitiam
1121 1651 1312 1692 hauriret:

41 1704 134 1755 quid
147 1704 246 1742 enim
258 1704 311 1743 est
320 1706 446 1744 minus
457 1707 649 1750 credibile,
659 1719 778 1760 quam
794 1708 922 1746 virum
938 1704 1024 1744 suae
1039 1704 1204 1745 civitatis
1216 1705 1314 1756 prin·

42 1759 169 1809 cipem
183 1788 193 1804 ,
214 1769 275 1796 tot
294 1771 418 1798 annos
431 1761 620 1800 exercitus
634 1774 682 1800 ex
693 1759 944 1800 diverfiffiffiis
959 1760 1137 1812 gentibus
1156 1758 1314 1798 conflati

41 1812 178 1851 ducem
192 1811 488 1853 versutiffimum
503 1814 658 1855 Graeco
673 1814 848 1854 sermone
864 1812 1024 1854 caruiffe
1035 1844 1046 1861 ‚
1068 1824 1137 1852 aut
1150 1813 1313 1851 omnino

42 1878 174 1905 carere
190 1865 370 1918 potuiffe,
387 1868 501 1921 idque
514 1882 563 1908 eo
578 1880 766 1923 tempore,
786 1882 873 1908 cum
887 1867 974 1907 usus
987 1869 1069 1906 eius
1080 1866 1315 1918 Carthagine

44 1931 206 1972 propter
219 1923 450 1961 commercia
463 1921 707 1963 Graecorum
722 1923 763 1962 δι
782 1923 880 1962 bella
892 1922 1021 1962 Sicula
1043 1919 1132 1959 effet
1155 1918 1314 1959 familia-

44 1973 231 2014 riffimus?
244 1974 356 2026 Quid
366 1988 485 2028 porro
497 1975 512 2014 ἓ
536 1979 694 2030 quando
710 1979 828 2030 patria
842 1976 1005 2016 extorris
1016 1975 1059 2013 ad
1071 1974 1314 2013 Antiochum

44 2025 84 2066 se
104 2028 272 2067 contulit
285 2058 297 2073 ‚
323 2029 370 2067 ab
393 2042 521 2082 eoque
544 2032 795 2070 maximarum
817 2044 944 2070 rerum
967 2027 1134 2068 consiliis
1156 2028 1318 2067 adhibe·

45 2080 187 2122 batur?
211 2082 241 2120 is
254 2082 406 2123 Graece
420 2096 497 2123 non
511 2086 707 2134 calluerit,
731 2086 799 2138 qui
814 2084 1097 2125 Graeculorum
1113 2081 1317 2134 aliquando

45 2133 187 2175 scholis
199 2135 372 2177 interesse
384 2150 465 2177 non
476 2135 591 2178 fuerit
604 2141 840 2192 dedignatus,
851 2138 995 2191 eosque
1013 2136 1050 2175 se
1064 2137 1260 2188 praesente
1271 2137 1318 2175 de

47 2189 262 2229 virtutibus
277 2191 530 2244 imperatoriis
542 2189 773 2246 'disputantes
790 2192 928 2232 riserit?
949 2191 1022 2231 Sed
1034 2190 1135 2230 clara
1152 2188 1240 2228 sunt
1255 2203 1320 2229 ve-

47 2252 179 2282 terum
192 2243 418 2284 testimonia.
431 2245 553 2285 Dion.
567 2248 679 2287 Coie.
698 2249 736 2287 in
752 2249 843 2287 Exc.
858 2246 981 2285 Valel'.
997 2259 1030 2298 p.
1051 2258 1138 2297 593,
1149 2244 1213 2282 καὶ
1225 2259 1320 2283 ,ται-

49 2296 140 2345 Σείᾳ
153 2296 278 2347 πολλῆ
287 2299 356 2348 μὲν
374 2299 516 2350 Qucum?
531 2304 639 2340 κατὰ
657 2305 698 2340 τὸ
717 2302 893 2353 πάτριον,
911 2298 1040 2347 πολλῆ
1059 2298 1104 2337 δὲ
1120 2297 1323 2338 καὶἝλλη·

53 2350 137 2400 vani
153 2348 308 2392 ilo-nmo.
326 2354 523 2394 Zonar.T.
536 2355 587 2402 11,
602 2370 637 2409 p.
648 2370 714 2407 74,
729 2355 919 2395 Hannibal
932 2356 998 2393 τὴν
1009 2367 1055 2391 τε
1066 2351 1236 2402 διάλεξιν
1249 2363 1322 2391 αλ·

57 2416 148 2443 nore
170 2408 289 2445 ἀλλην
303 2406 533 2457 ποιούμενος,
544 2408 625 2458 {fissi
639 2413 717 2463 ‘stag‘
729 2410 895 2457 πλείους,
910 2409 973 2447 καὶ
987 2407 1053 2447 τὴν
1063 2405 1135 2444 τῶν
1149 2407 1322 2444 Λατίνων.

54 2459 186 2498 Habet
200 2472 294 2512 ergo
306 2492 317 2509 ,
339 2463 446 2514 quod
460 2464 505 2501 de
516 2463 689 2504 Luciano
703 2475 968 2517 conqueratur
978 2493 989 2510 ,
1013 2458 1231 2505 Hannibal,
1257 2460 1332 2511 qui

53 2511 125 2552 sibi
135 2514 237 2554 veris
252 2515 435 2558 adversus
445 2516 709 2558 Alexandrum
723 2518 955 2571 argumentis
969 2513 1175 2554 abundanti
1188 2515 1229 2552 in
1241 2513 1324 2565 ipso

951 2569 1080 2622 ng
