1748 3420
164 220 253 266 IN
299 218 745 264 DIALOGOS
794 216 1164 264 DEORUM.
1219 216 1305 263 261

49 323 54 327 '
89 316 159 353 ead.
172 314 194 352 l.
214 325 271 352 ιο.
286 311 507 357 Ἀπολοιβὼν
522 311 538 364 )
561 310 758 362 Auferens.-
774 309 985 359 ἀπολαβεῖν
1001 309 1085 348 ἀντὶ
1101 306 1169 348 τοῦ
1183 306 1313 358 ἁρπά-

35 367 117 419 ζειν·
134 367 184 406 fic
195 366 379 418 ἁρπάζειν
394 366 473 404 ἀπὸ
487 363 551 403 τοῦ
569 365 777 414 στόματος·
793 364 916 415 Long.
933 364 955 401 l.
973 377 1005 415 3.
1018 363 1110 401 Stat.
1132 363 1177 401 de
1190 361 1313 402 Glau-

34 422 113 461 cia:
130 421 284 472 Inceptas
304 420 380 472 quis
399 421 441 458 ab
453 434 507 457 ore
521 421 623 469 dapes
637 419 806 469 libataque
818 418 901 455 vina
918 418 956 454 A
959 416 1076 466 afiret,
1091 417 1126 454 δ’
1138 416 1228 454 dulci
1241 428 1314 453 tur-

34 475 126 514 babit
144 477 261 513 cunft‘a
283 474 436 524 rapina?
451 473 625 512 BOURD.
637 472 728 511 Vid.
744 469 920 510 Dousam
939 471 984 509 ad
1002 468 1123 509 Ovid.
1138 470 1186 508 A.
1203 469 1253 510 A.
1268 467 1312 516 I,

34 541 75 569 v.
91 542 175 581 575.
192 528 298 567 Tum
320 527 455 566 melius
477 527 568 564 mihi
587 526 762 572 videtur,
782 525 846 563 κα.)
873 523 954 563 ἔνθα.
975 521 1234 575 προσήρμοσας
1256 525 1314 562 τὰ,

34 582 157 636 χείλη
170 612 184 628 ,
202 582 310 634 ibique
324 584 488 632 adaptare
500 579 594 631 sbles
607 579 698 618 labia
709 610 723 626 ‚
745 578 809 617 cui
824 578 977 616 demum
992 575 1095 615 reae
1108 575 1312 628 respondet

34 636 102 676 καὶ
120 634 248 685 <pm-275.
270 636 360 675 Hoc
374 647 490 687 quam
508 645 628 678 paene
647 645 727 672 non
751 632 948 683 potuerint
971 631 1177 683 praeterire
1195 628 1312 668 libra-

35 690 97 736 rii,
109 691 204 741 quin
221 698 426 732 mutarent,
445 686 553 726 facile
568 685 621 726 est
634 686 808 739 cognitu:
821 681 1086 737 προσήρμοσας
1100 695 1244 730 autem,
1269 695 1313 722 ut

37 744 157 784 modo
172 741 330 790 ἔδωκας,
347 741 542 794 porrigere
557 739 673 779 soles:
693 750 822 793 aperta
835 737 911 786 est,
931 749 1047 790 atque
1067 750 1089 777 a
1108 737 1235 776 multis
1247 749 1314 777 ex-

37 796 174 851 plicata
189 796 252 836 illa
269 796 329 835 vis
342 795 439 834 Aor.
459 809 490 833 1.
504 795 668 833 HEMST.

95 853 169 889 ead.
185 850 208 888 l.
226 864 283 888 12.
297 846 531 900 Προσῦρμοσε
551 850 604 885 τὰ
619 846 767 899 χείλη)
783 845 977 885 Notabam
998 844 1066 884 has
1089 844 1234 883 amoris
1256 843 1314 881 in-

37 905 157 957 eptias
168 903 214 942 ad
233 902 386 942 Heliod.
402 902 425 941 l.
444 917 481 950 4.
496 900 665 940 Eustath.
680 899 760 941 five
775 900 952 940 Eumath.
967 899 1013 938 de
1028 898 1154 937 Ismin.
1169 897 1314 950 Agath.

38 959 77 998 in
92 957 254 998 Anthol.
268 957 392 1009 Long.
407 955 495 995 Tat.
507 956 682 995 BOURD.

93 1013 184 1064 Pag.
200 1024 214 1048 1
251 1041 258 1049 .
274 1011 298 1050 l.
313 1024 372 1049 10.
389 1008 613 1061 Θηλυθρίοις)
625 1008 667 1048 Ὁ
679 1006 1056 1058 κατακεκλεισμένος,
1071 1004 1313 1055 τεθηλυμένος

37 1065 112 1106 ὃιὲι
127 1065 218 1104 vim}
250 1065 412 1117 ἀγιστον
436 1060 577 1104 fisovn‘nt:
594 1062 797 1115 ἓςηλυὲρίοιι
813 1061 1116 1114 τριχοπλέισται
1132 1059 1234 1098 εἰσίν.
1250 1059 1315 1098 In-

37 1131 134 1171 terp.
154 1118 352 1172 Aristopin
367 1123 530 1168 Θεσμοφ.
555 1117 615 1156 Sic
630 1128 740 1156 antea
754 1120 998 1168 θηλυμιτρης.
1019 1113 1190 1166 Hesych.
1210 1113 1315 1153 Suid.

40 1173 215 1214 BOURD.

93 1229 166 1266 ead.
181 1228 202 1264 l.
217 1241 231 1265 1
245 1228 352 1278 5.T*ov
373 1227 433 1265 obv
453 1223 526 1264 m‘bv
540 1224 558 1278 )
574 1223 684 1276 Quid
709 1224 760 1263 ita
777 1223 918 1263 Iunoni
940 1222 1064 1262 filium
1088 1221 1314 1261 Vulcanum

38 1281 250 1334 exprobrat
264 1310 275 1327 ‚
296 1292 366 1318 nec
392 1280 666 1321 contumeliam
691 1278 801 1318 simul
822 1279 860 1316 in
880 1277 996 1316 semet
1019 1276 1140 1330 ipsum
1166 1287 1315 1329 patrem

41 1335 338 1374 redundaturam
350 1332 424 1373 effe
438 1332 573 1372 sentit?
588 1333 789 1373 Sciendum
803 1331 871 1378 est,
883 1332 1100 1371 Lucianum
1114 1331 1192 1376 hic,
1209 1329 1316 1382 quod

41 1389 236 1429 Hefiodus
253 1388 391 1440 aliique
412 1388 457 1426 de
469 1387 658 1426 Vulcano
672 1386 830 1440 posteris
850 1385 1138 1439 persuaserunt,
1157 1384 1316 1436 adopta-

39 1456 83 1483 re
91 1457 104 1491 3
120 1443 312 1482 Iunonem
336 1441 496 1488 scilicet,
518 1454 607 1480 cum
622 1441 844 1480 Vulcanum
865 1440 1109 1493 conciperet,
1129 1438 1217 1477 Iovi
1232 1450 1317 1476 ma-

37 1497 114 1537 rito
136 1496 232 1535 nihil
255 1506 455 1549 acceptum
475 1494 663 1535 retulisse:
687 1495 773 1534 ideo
790 1492 1002 1544 ὑπηνέμιος,
1018 1493 1100 1543 περὶ
1121 1498 1216 1531 Θυσ.
1233 1490 1248 1540 §
1266 1492 1316 1537 6,

37 1551 106 1591 ubi
132 1550 244 1604 plura
263 1550 443 1590 dicemus.
466 1549 590 1589 Modo
612 1547 703 1600 ἐμοῦ
723 1563 778 1600 γε
795 1545 914 1588 ἕνεκα·
939 1546 1048 1601 saepe
1070 1547 1207 1586 accidit
1225 1545 1316 1588 huic

35 1605 250 1660 particulae
263 1635 276 1650 ‚
301 1616 346 1643 ut
361 1604 614 1643 intercideret.
629 1605 795 1643 HEMST.

92 1660 129 1698 in
142 1660 261 1698 Schol.
277 1658 483 1711 Ἀσελγεῐ)
500 1659 564 1696 καὶ
582 1656 939 1711 ἄσελγεῖὸοἱᾶηυε.
955 1656 1123 1694 HEMST.

94 1714 187 1765 Pag.
203 1712 262 1753 16.
275 1713 298 1751 l.
314 1712 351 1751 6.
365 1711 501 1751 ‘Hss‘cof
514 1710 665 1764 ταῦτα)
681 1712 745 1750 An
761 1708 881 1757 Mem
901 1709 1068 1750 Gom.
1094 1709 1152 1748 Ex
1168 1706 1239 1747 Ms.
1257 1714 1320 1747 rei

41 1765 251 1806 stituendus
271 1765 326 1806 est
341 1766 585 1819 perturbatus
605 1766 646 1804 in
668 1766 776 1805 editis
799 1764 921 1804 locus.
943 1763 1048 1803 Cum
1063 1763 1236 1816 Iuppiter
1250 1762 1317 1801 de-

43 1820 240 1874 scripfiffet
256 1819 421 1860 Vulcani
437 1819 564 1860 sordes
577 1819 618 1858 &
633 1818 850 1872 squalorem
862 1849 872 1863 ‚
895 1818 964 1871 qui
978 1817 1067 1857 Diis
1080 1816 1319 1864 ministrarat,

43 1874 252 1920 subiicitur,
265 1871 382 1915 ἧὲέως
395 1873 542 1913 ταῦτα.
558 1869 596 1912 οὗ
610 1876 689 1927 γὰρ
704 1874 768 1912 καὶ
783 1874 890 1923 παρὰ
902 1871 1002 1912 πολὺ
1018 1872 1032 1910 ὁ
1050 1870 1213 1924 οἰνσχέος
1227 1869 1321 1909 ἐκεῖ·

46 1943 105 1969 νος
123 1930 305 1981 ἐμπρέπει
319 1927 374 1978 τῷ
394 1927 591 1979 συμποσίῳ
610 1926 684 1967 τῶν
698 1926 810 1966 Θεῶν.
834 1925 984 1965 Contra
1001 1937 1167 1965 mentem
1186 1925 1319 1964 Lucia-

45 1984 108 2023 ni:
121 1984 251 2036 suavia
275 1983 356 2021 llaec
375 1983 482 2034 sunt:
509 1984 656 2034 adeoque
681 1982 822 2021 multum
850 1981 905 2019 ille
922 1981 1106 2034 pocillator
1128 1979 1321 2031 cohonestat

47 2040 203 2077 Deorum
217 2037 420 2077 convivium.
434 2035 507 2076 Sed
524 2035 711 2090 Ms.‘'Hpoc.
728 2032 776 2076 1⁶7AE
779 2035 819 2074 ίω
833 2032 975 2074 ταῦτα.
991 2032 1090 2073 Ζεύς.
1105 2030 1142 2072 οὗ
1157 2034 1236 2086 ’γὰρ
1249 2032 1320 2071 καὶ

46 2095 156 2143 παρὰ
167 2090 265 2130 πολὺ
285 2089 302 2128 ὃ
322 2089 482 2144 οἰνοχόος
495 2088 636 2141 ἔπρεπε
655 2089 710 2139 τῷ
721 2088 937 2139 συμποσίῳ.
956 2089 1043 2128 Iun.
1051 2087 1221 2139 ficaviora
1236 2087 1319 2126 haec

38 2145 137 2198 sunt.
165 2145 252 2198 Iup.
285 2145 402 2183 etenim
422 2145 491 2183 iam
515 2145 595 2183 olim
621 2145 679 2183 ille
695 2145 856 2195 pincerna
879 2159 946 2182 non
967 2144 1101 2182 decebat
1124 2141 1319 2182 convivium

48 2202 213 2239 Deorum.
227 2199 327 2238 Iuno
340 2199 412 2245 ait,
433 2197 612 2238 suaviora
626 2198 720 2237 haec
735 2196 821 2236 sunt
832 2227 845 2243 ,
863 2197 997 2236 videre
1009 2195 1176 2236 obsitum
1190 2194 1320 2247 fuligi-

48 2266 98 2292 ne
119 2253 344 2293 Vulcanum
359 2282 370 2297 ,
390 2264 505 2305 quam
532 2252 715 2292 amafium
741 2251 885 2304 pocula
904 2264 996 2291 cum
1019 2248 1157 2289 osculis
1180 2251 1320 2288 marito

43 2307 307 2361 praebentem.
321 2305 494 2346 GRArv.
507 2304 644 2346 Ἡδέως
659 2304 793 2344 ‘rafim
808 2318 942 2345 omnes
958 2303 1138 2357 impreffi.
1159 2302 1231 2342 Ms.
1247 2302 1321 2343 Gr.

50 2361 169 2401 aliter.
183 2361 256 2400 Sed
274 2360 365 2399 nihil
382 2360 641 2408 mutavimus,
658 2359 725 2398 nisi
741 2360 846 2412 quod
859 2358 1119 2411 interrogandi
1135 2356 1321 2410 punehim

50 2415 271 2454 addidimus.
288 2414 446 2454 SOLAN.
463 2413 623 2454 Graevii
637 2413 775 2454 Codex
791 2427 869 2453 non
886 2425 1063 2465 magnam
1077 2443 1088 2460 ,
1107 2424 1178 2451 nec
1192 2422 1321 2449 tamen

51 2469 196 2509 nullam
211 2467 322 2507 affert
337 2481 471 2521 opem:
488 2467 650 2506 Iunonis
666 2467 865 2520 personam
879 2466 1071 2519 interponi
1082 2466 1233 2511 debere,
1254 2464 1323 2502 mi-

54 2522 158 2563 nime
171 2523 356 2564 concedo.
368 2523 474 2564 Vera
486 2521 786 2563 Lucianimanus
799 2521 876 2562 fine
888 2518 1090 2614 dubiofuit
1102 2535 1110 2559 ε
1127 2516 1216 2562 ἡδίω
1229 2515 1323 2559 m&-

1000 2594 1022 2613 -k
1058 2587 1074 2626 3
