<?xml version="1.0" encoding="UTF-8"?>
<!DOCTYPE html PUBLIC "-//W3C//DTD XHTML 1.0 Transitional//EN"
    "http://www.w3.org/TR/xhtml1/DTD/xhtml1-transitional.dtd">
<html xmlns="http://www.w3.org/1999/xhtml" xml:lang="en" lang="en">
 <head>
  <title>
</title>
<meta http-equiv="Content-Type" content="text/html;charset=utf-8" />
  <meta name='ocr-system' content='tesseract 3.04.00' />
  <meta name='ocr-capabilities' content='ocr_page ocr_carea ocr_par ocr_line ocrx_word'/>
</head>
<body>
  <div class='ocr_page' id='page_1' title='image "./operagraeceetlat02luciuoft_0469.png"; bbox 0 0 1748 3420; ppageno 0'>
   <div class='ocr_carea' id='block_1_1' title="bbox 119 217 1285 281">
    <p class='ocr_par' dir='ltr' id='par_1_1' title="bbox 119 217 1285 281">
     <span class='ocr_line' id='line_1_1' title="bbox 119 217 1285 281; baseline -0.002 -17"><span class='ocrx_word' id='word_1_1' title='bbox 119 219 200 264; x_wconf 88' lang='lat' dir='ltr'>IN</span> <span class='ocrx_word' id='word_1_2' title='bbox 235 217 623 263; x_wconf 88' lang='lat' dir='ltr'>DIALOGOS</span> <span class='ocrx_word' id='word_1_3' title='bbox 661 217 1161 263; x_wconf 86' lang='lat' dir='ltr'><strong>MORTUORUM.</strong></span> <span class='ocrx_word' id='word_1_4' title='bbox 1196 232 1285 281; x_wconf 82' lang='lat'>433</span> 
     </span>
    </p>
   </div>
   <div class='ocr_carea' id='block_1_2' title="bbox 0 302 1305 2510">
    <p class='ocr_par' dir='ltr' id='par_1_2' title="bbox 0 302 1305 2510">
     <span class='ocr_line' id='line_1_2' title="bbox 32 302 1295 359; baseline 0.001 -12"><span class='ocrx_word' id='word_1_5' title='bbox 32 302 94 354; x_wconf 74' lang='lat' dir='ltr'>sit,</span> <span class='ocrx_word' id='word_1_6' title='bbox 106 305 257 346; x_wconf 83' lang='lat' dir='ltr'>secutus</span> <span class='ocrx_word' id='word_1_7' title='bbox 273 305 325 346; x_wconf 87' lang='lat' dir='ltr'>est</span> <span class='ocrx_word' id='word_1_8' title='bbox 335 306 557 347; x_wconf 85' lang='lat' dir='ltr'>Scholiastes</span> <span class='ocrx_word' id='word_1_9' title='bbox 570 320 730 359; x_wconf 85' lang='lat' dir='ltr'>parvus:</span> <span class='ocrx_word' id='word_1_10' title='bbox 753 306 925 359; x_wconf 86' lang='lat' dir='ltr'>Hesych.</span> <span class='ocrx_word' id='word_1_11' title='bbox 938 307 1192 359; x_wconf 71' lang='grc' dir='ltr'><em>Ἐπεμύξατο,</em></span> <span class='ocrx_word' id='word_1_12' title='bbox 1207 310 1295 348; x_wconf 73' lang='grc' dir='ltr'>έπε-</span> 
     </span>
     <span class='ocr_line' id='line_1_3' title="bbox 34 360 1295 414; baseline 0.002 -16"><span class='ocrx_word' id='word_1_13' title='bbox 34 360 227 411; x_wconf 63' lang='grc' dir='ltr'><em>ρτένοιξεν,</em></span> <span class='ocrx_word' id='word_1_14' title='bbox 243 360 528 413; x_wconf 56' lang='grc' dir='ltr'>ἑπεγόγγυσεν·</span> <span class='ocrx_word' id='word_1_15' title='bbox 550 361 653 406; x_wconf 86' lang='lat' dir='ltr'>illos,</span> <span class='ocrx_word' id='word_1_16' title='bbox 677 361 742 414; x_wconf 88' lang='lat' dir='ltr'>qui</span> <span class='ocrx_word' id='word_1_17' title='bbox 756 361 919 408; x_wconf 83' lang='lat' dir='ltr'><em>deludere,</em></span> <span class='ocrx_word' id='word_1_18' title='bbox 933 377 1006 400; x_wconf 86' lang='lat' dir='ltr'>cum</span> <span class='ocrx_word' id='word_1_19' title='bbox 1017 365 1132 400; x_wconf 74' lang='lat' dir='ltr'>acerbo</span> <span class='ocrx_word' id='word_1_20' title='bbox 1148 362 1218 413; x_wconf 85' lang='lat' dir='ltr'>risu</span> <span class='ocrx_word' id='word_1_21' title='bbox 1232 376 1295 400; x_wconf 78' lang='lat' dir='ltr'>ar·-</span> 
     </span>
     <span class='ocr_line' id='line_1_4' title="bbox 32 414 1297 468; baseline 0.002 -16"><span class='ocrx_word' id='word_1_22' title='bbox 32 429 96 468; x_wconf 77' lang='lat' dir='ltr'>que</span> <span class='ocrx_word' id='word_1_23' title='bbox 110 415 337 466; x_wconf 78' lang='lat' dir='ltr'>indignatione</span> <span class='ocrx_word' id='word_1_24' title='bbox 349 417 484 465; x_wconf 73' lang='lat' dir='ltr'>insuper</span> <span class='ocrx_word' id='word_1_25' title='bbox 498 416 612 452; x_wconf 69' lang='lat' dir='ltr'>lubere</span> <span class='ocrx_word' id='word_1_26' title='bbox 625 415 882 459; x_wconf 86' lang='lat' dir='ltr'>reddiderunt,</span> <span class='ocrx_word' id='word_1_27' title='bbox 900 414 1132 467; x_wconf 83' lang='lat' dir='ltr'>Hesychius:</span> <span class='ocrx_word' id='word_1_28' title='bbox 1151 417 1297 455; x_wconf 81' lang='lat' dir='ltr'>neutris</span> 
     </span>
     <span class='ocr_line' id='line_1_5' title="bbox 33 467 1296 520; baseline 0 -13"><span class='ocrx_word' id='word_1_29' title='bbox 33 467 121 508; x_wconf 81' lang='lat' dir='ltr'>suae</span> <span class='ocrx_word' id='word_1_30' title='bbox 136 468 325 520; x_wconf 79' lang='lat' dir='ltr'>opinionis</span> <span class='ocrx_word' id='word_1_31' title='bbox 339 469 502 506; x_wconf 90' lang='lat' dir='ltr'>tuendae</span> <span class='ocrx_word' id='word_1_32' title='bbox 518 468 619 506; x_wconf 86' lang='lat' dir='ltr'>ratio</span> <span class='ocrx_word' id='word_1_33' title='bbox 633 467 763 514; x_wconf 86' lang='lat' dir='ltr'>defuit,</span> <span class='ocrx_word' id='word_1_34' title='bbox 783 469 1090 520; x_wconf 87' lang='lat' dir='ltr'>quandoquidem</span> <span class='ocrx_word' id='word_1_35' title='bbox 1107 469 1194 507; x_wconf 88' lang='lat' dir='ltr'>illud</span> <span class='ocrx_word' id='word_1_36' title='bbox 1212 470 1296 507; x_wconf 76' lang='grc' dir='ltr'>ἐπέ·</span> 
     </span>
     <span class='ocr_line' id='line_1_6' title="bbox 29 520 1295 574; baseline 0.001 -15"><span class='ocrx_word' id='word_1_37' title='bbox 29 520 160 572; x_wconf 71' lang='grc' dir='ltr'><em>μυξοιν</em></span> <span class='ocrx_word' id='word_1_38' title='bbox 177 521 240 560; x_wconf 93' lang='lat' dir='ltr'>vel</span> <span class='ocrx_word' id='word_1_39' title='bbox 252 534 275 558; x_wconf 89' lang='lat' dir='ltr'>a</span> <span class='ocrx_word' id='word_1_40' title='bbox 287 521 412 571; x_wconf 69' lang='grc' dir='ltr'><em>μύζειν</em></span> <span class='ocrx_word' id='word_1_41' title='bbox 428 523 548 573; x_wconf 89' lang='lat' dir='ltr'>repeti</span> <span class='ocrx_word' id='word_1_42' title='bbox 563 532 722 573; x_wconf 38' lang='lat' dir='ltr'>poteratq</span> <span class='ocrx_word' id='word_1_43' title='bbox 741 522 833 560; x_wconf 85' lang='lat' dir='ltr'>vela</span> <span class='ocrx_word' id='word_1_44' title='bbox 844 523 1018 570; x_wconf 72' lang='grc' dir='ltr'>μὺττειν,</span> <span class='ocrx_word' id='word_1_45' title='bbox 1031 535 1143 574; x_wconf 71' lang='lat' dir='ltr'>quae,</span> <span class='ocrx_word' id='word_1_46' title='bbox 1159 534 1295 561; x_wconf 85' lang='lat' dir='ltr'>tamet-</span> 
     </span>
     <span class='ocr_line' id='line_1_7' title="bbox 33 573 1296 627; baseline 0.001 -14"><span class='ocrx_word' id='word_1_47' title='bbox 33 573 63 613; x_wconf 87' lang='lat' dir='ltr'><strong>fi</strong></span> <span class='ocrx_word' id='word_1_48' title='bbox 82 575 130 613; x_wconf 91' lang='lat' dir='ltr'>ab</span> <span class='ocrx_word' id='word_1_49' title='bbox 149 576 278 613; x_wconf 88' lang='lat' dir='ltr'>eadem</span> <span class='ocrx_word' id='word_1_50' title='bbox 294 575 415 613; x_wconf 84' lang='lat' dir='ltr'>radice</span> <span class='ocrx_word' id='word_1_51' title='bbox 434 575 536 623; x_wconf 75' lang='grc' dir='ltr'><em>μύειν</em></span> <span class='ocrx_word' id='word_1_52' title='bbox 551 586 780 627; x_wconf 83' lang='lat' dir='ltr'>propagata,</span> <span class='ocrx_word' id='word_1_53' title='bbox 796 575 928 613; x_wconf 75' lang='lat' dir='ltr'>distare</span> <span class='ocrx_word' id='word_1_54' title='bbox 947 576 1103 613; x_wconf 86' lang='lat' dir='ltr'>notandi</span> <span class='ocrx_word' id='word_1_55' title='bbox 1123 578 1296 627; x_wconf 84' lang='lat' dir='ltr'>proprie-</span> 
     </span>
     <span class='ocr_line' id='line_1_8' title="bbox 33 627 1292 681; baseline 0.001 -14"><span class='ocrx_word' id='word_1_56' title='bbox 33 638 112 667; x_wconf 84' lang='lat' dir='ltr'>tate</span> <span class='ocrx_word' id='word_1_57' title='bbox 127 629 198 666; x_wconf 90' lang='lat' dir='ltr'>iam</span> <span class='ocrx_word' id='word_1_58' title='bbox 214 630 412 666; x_wconf 82' lang='lat' dir='ltr'>admonuit</span> <span class='ocrx_word' id='word_1_59' title='bbox 435 628 730 667; x_wconf 86' lang='lat' dir='ltr'>accuratiffimus</span> <span class='ocrx_word' id='word_1_60' title='bbox 752 628 982 679; x_wconf 79' lang='lat' dir='ltr'>Sylburgius</span> <span class='ocrx_word' id='word_1_61' title='bbox 1002 628 1047 666; x_wconf 84' lang='lat' dir='ltr'>ad</span> <span class='ocrx_word' id='word_1_62' title='bbox 1066 627 1239 667; x_wconf 88' lang='lat' dir='ltr'>Clenard.</span> <span class='ocrx_word' id='word_1_63' title='bbox 1257 644 1292 681; x_wconf 89' lang='lat' dir='ltr'>p.</span> 
     </span>
     <span class='ocr_line' id='line_1_9' title="bbox 37 679 1296 733; baseline 0 -13"><span class='ocrx_word' id='word_1_64' title='bbox 37 695 124 732; x_wconf 88' lang='lat'><em>519.</em></span> <span class='ocrx_word' id='word_1_65' title='bbox 149 681 315 720; x_wconf 79' lang='lat' dir='ltr'>Similem</span> <span class='ocrx_word' id='word_1_66' title='bbox 338 679 545 720; x_wconf 86' lang='lat' dir='ltr'>observare</span> <span class='ocrx_word' id='word_1_67' title='bbox 565 681 652 720; x_wconf 90' lang='lat' dir='ltr'>licet</span> <span class='ocrx_word' id='word_1_68' title='bbox 677 683 714 720; x_wconf 92' lang='lat' dir='ltr'>in</span> <span class='ocrx_word' id='word_1_69' title='bbox 737 681 819 720; x_wconf 92' lang='lat' dir='ltr'>solo</span> <span class='ocrx_word' id='word_1_70' title='bbox 841 681 1041 732; x_wconf 72' lang='grc' dir='ltr'><em>μυχθιζειν</em></span> <span class='ocrx_word' id='word_1_71' title='bbox 1064 681 1296 733; x_wconf 83' lang='lat' dir='ltr'>fignificandi</span> 
     </span>
     <span class='ocr_line' id='line_1_10' title="bbox 33 734 1297 787; baseline -0.001 -13"><span class='ocrx_word' id='word_1_72' title='bbox 33 734 344 787; x_wconf 83' lang='lat' dir='ltr'>discrepantiam:</span> <span class='ocrx_word' id='word_1_73' title='bbox 370 735 469 787; x_wconf 87' lang='lat' dir='ltr'>apud</span> <span class='ocrx_word' id='word_1_74' title='bbox 482 734 721 785; x_wconf 73' lang='lat' dir='ltr'>Aeschylum</span> <span class='ocrx_word' id='word_1_75' title='bbox 741 735 877 787; x_wconf 90' lang='lat' dir='ltr'>utique</span> <span class='ocrx_word' id='word_1_76' title='bbox 893 735 951 773; x_wconf 83' lang='lat' dir='ltr'>Pr.</span> <span class='ocrx_word' id='word_1_77' title='bbox 965 735 1015 772; x_wconf 92' lang='lat' dir='ltr'>V.</span> <span class='ocrx_word' id='word_1_78' title='bbox 1030 748 1069 773; x_wconf 88' lang='lat' dir='ltr'>v.</span> <span class='ocrx_word' id='word_1_79' title='bbox 1082 749 1175 783; x_wconf 84' lang='lat'>742,</span> <span class='ocrx_word' id='word_1_80' title='bbox 1191 735 1242 773; x_wconf 78' lang='grc' dir='ltr'>Σὺ</span> <span class='ocrx_word' id='word_1_81' title='bbox 1257 735 1277 773; x_wconf 68' lang='lat'><em>5</em></span> <span class='ocrx_word' id='word_1_82' title='bbox 1286 736 1297 750; x_wconf 94' lang='lat'>&#39;</span> 
     </span>
     <span class='ocr_line' id='line_1_11' title="bbox 33 783 1295 841; baseline -0.001 -14"><span class='ocrx_word' id='word_1_83' title='bbox 33 783 88 828; x_wconf 64' lang='grc' dir='ltr'>αὖ</span> <span class='ocrx_word' id='word_1_84' title='bbox 107 790 298 840; x_wconf 67' lang='grc' dir='ltr'>κέκραγας</span> <span class='ocrx_word' id='word_1_85' title='bbox 311 786 590 840; x_wconf 68' lang='grc' dir='ltr'>κᾲναμυχθιζῃ,</span> <span class='ocrx_word' id='word_1_86' title='bbox 605 789 697 841; x_wconf 92' lang='lat' dir='ltr'>quin</span> <span class='ocrx_word' id='word_1_87' title='bbox 714 786 758 826; x_wconf 77' lang='lat' dir='ltr'>sit</span> <span class='ocrx_word' id='word_1_88' title='bbox 773 819 781 833; x_wconf 86' lang='lat'><strong>‚</strong></span> <span class='ocrx_word' id='word_1_89' title='bbox 802 792 898 827; x_wconf 65' lang='lat' dir='ltr'>duaa</span> <span class='ocrx_word' id='word_1_90' title='bbox 906 802 973 840; x_wconf 78' lang='lat' dir='ltr'>per</span> <span class='ocrx_word' id='word_1_91' title='bbox 990 803 1087 826; x_wconf 84' lang='lat' dir='ltr'>nares</span> <span class='ocrx_word' id='word_1_92' title='bbox 1098 788 1224 840; x_wconf 76' lang='lat' dir='ltr'>spiritu</span> <span class='ocrx_word' id='word_1_93' title='bbox 1239 789 1295 826; x_wconf 80' lang='lat' dir='ltr'>in-</span> 
     </span>
     <span class='ocr_line' id='line_1_12' title="bbox 30 841 1296 894; baseline 0.001 -14"><span class='ocrx_word' id='word_1_94' title='bbox 30 842 215 894; x_wconf 80' lang='lat' dir='ltr'>gemiscere,</span> <span class='ocrx_word' id='word_1_95' title='bbox 228 853 328 893; x_wconf 83' lang='lat' dir='ltr'>atque</span> <span class='ocrx_word' id='word_1_96' title='bbox 340 842 600 893; x_wconf 73' lang='lat' dir='ltr'>indignationem</span> <span class='ocrx_word' id='word_1_97' title='bbox 622 844 746 894; x_wconf 83' lang='lat' dir='ltr'>testari,</span> <span class='ocrx_word' id='word_1_98' title='bbox 760 843 828 881; x_wconf 86' lang='lat' dir='ltr'>vix</span> <span class='ocrx_word' id='word_1_99' title='bbox 850 841 1066 880; x_wconf 84' lang='lat' dir='ltr'>indubium</span> <span class='ocrx_word' id='word_1_100' title='bbox 1089 854 1222 880; x_wconf 89' lang='lat' dir='ltr'>voces:</span> <span class='ocrx_word' id='word_1_101' title='bbox 1244 855 1296 881; x_wconf 91' lang='lat' dir='ltr'>eo</span> 
     </span>
     <span class='ocr_line' id='line_1_13' title="bbox 30 893 1297 949; baseline 0 -15"><span class='ocrx_word' id='word_1_102' title='bbox 30 894 171 948; x_wconf 67' lang='lat' dir='ltr'>spectat</span> <span class='ocrx_word' id='word_1_103' title='bbox 187 894 628 947; x_wconf 57' lang='lat' dir='ltr'>Hesychiinxezcmbf,</span> <span class='ocrx_word' id='word_1_104' title='bbox 643 895 874 949; x_wconf 63' lang='grc' dir='ltr'>στεναγμός·</span> <span class='ocrx_word' id='word_1_105' title='bbox 901 907 970 934; x_wconf 89' lang='lat' dir='ltr'>nec</span> <span class='ocrx_word' id='word_1_106' title='bbox 992 894 1066 933; x_wconf 91' lang='lat' dir='ltr'>alio</span> <span class='ocrx_word' id='word_1_107' title='bbox 1087 893 1193 934; x_wconf 93' lang='lat' dir='ltr'>fonte</span> <span class='ocrx_word' id='word_1_108' title='bbox 1216 908 1297 934; x_wconf 89' lang='lat' dir='ltr'>ma·</span> 
     </span>
     <span class='ocr_line' id='line_1_14' title="bbox 33 947 1296 1000; baseline -0.002 -12"><span class='ocrx_word' id='word_1_109' title='bbox 33 949 162 988; x_wconf 82' lang='lat' dir='ltr'>nantia</span> <span class='ocrx_word' id='word_1_110' title='bbox 173 949 379 999; x_wconf 57' lang='grc' dir='ltr'>μυττιιζειν</span> <span class='ocrx_word' id='word_1_111' title='bbox 389 947 712 1000; x_wconf 70' lang='grc' dir='ltr'><strong><em>δεμυττηκάζειν.</em></strong></span> <span class='ocrx_word' id='word_1_112' title='bbox 725 949 825 988; x_wconf 91' lang='lat' dir='ltr'>ldem</span> <span class='ocrx_word' id='word_1_113' title='bbox 837 960 966 987; x_wconf 88' lang='lat' dir='ltr'>tamen</span> <span class='ocrx_word' id='word_1_114' title='bbox 980 949 1122 997; x_wconf 83' lang='lat' dir='ltr'>irridere,</span> <span class='ocrx_word' id='word_1_115' title='bbox 1135 947 1176 987; x_wconf 76' lang='grc' dir='ltr'>δι</span> <span class='ocrx_word' id='word_1_116' title='bbox 1185 951 1296 987; x_wconf 71' lang='lat' dir='ltr'>adut:-</span> 
     </span>
     <span class='ocr_line' id='line_1_15' title="bbox 32 1001 1297 1055; baseline -0.002 -13"><span class='ocrx_word' id='word_1_117' title='bbox 32 1018 72 1043; x_wconf 85' lang='lat' dir='ltr'>co</span> <span class='ocrx_word' id='word_1_118' title='bbox 85 1001 170 1053; x_wconf 82' lang='lat' dir='ltr'>71an</span> <span class='ocrx_word' id='word_1_119' title='bbox 178 1001 392 1054; x_wconf 71' lang='lat' dir='ltr'>subsannare</span> <span class='ocrx_word' id='word_1_120' title='bbox 406 1001 590 1054; x_wconf 76' lang='lat' dir='ltr'>designat:</span> <span class='ocrx_word' id='word_1_121' title='bbox 611 1002 779 1054; x_wconf 84' lang='lat' dir='ltr'>Hesych.</span> <span class='ocrx_word' id='word_1_122' title='bbox 793 1001 1036 1055; x_wconf 72' lang='grc' dir='ltr'>Μυχθέζουσι,</span> <span class='ocrx_word' id='word_1_123' title='bbox 1057 1002 1297 1053; x_wconf 73' lang='grc' dir='ltr'>μυκτηρίζου-</span> 
     </span>
     <span class='ocr_line' id='line_1_16' title="bbox 30 1055 1298 1108; baseline 0 -13"><span class='ocrx_word' id='word_1_124' title='bbox 30 1070 69 1095; x_wconf 79' lang='grc' dir='ltr'>σι</span> <span class='ocrx_word' id='word_1_125' title='bbox 86 1088 92 1101; x_wconf 87' lang='grc'><em>,</em></span> <span class='ocrx_word' id='word_1_126' title='bbox 119 1057 369 1108; x_wconf 58' lang='grc' dir='ltr'>χλευάζωσι·</span> <span class='ocrx_word' id='word_1_127' title='bbox 401 1067 527 1108; x_wconf 89' lang='lat' dir='ltr'>neque</span> <span class='ocrx_word' id='word_1_128' title='bbox 557 1055 664 1095; x_wconf 86' lang='lat' dir='ltr'>aliter</span> <span class='ocrx_word' id='word_1_129' title='bbox 688 1057 822 1096; x_wconf 84' lang='lat' dir='ltr'>Suidas</span> <span class='ocrx_word' id='word_1_130' title='bbox 848 1055 1033 1108; x_wconf 88' lang='lat' dir='ltr'>explicuit</span> <span class='ocrx_word' id='word_1_131' title='bbox 1057 1055 1298 1108; x_wconf 85' lang='lat' dir='ltr'>Meleagrum</span> 
     </span>
     <span class='ocr_line' id='line_1_17' title="bbox 32 1107 1298 1162; baseline 0 -14"><span class='ocrx_word' id='word_1_132' title='bbox 32 1109 152 1149; x_wconf 81' lang='lat' dir='ltr'>Anth.</span> <span class='ocrx_word' id='word_1_133' title='bbox 170 1109 261 1153; x_wconf 78' lang='lat' dir='ltr'>VH,</span> <span class='ocrx_word' id='word_1_134' title='bbox 273 1109 340 1162; x_wconf 83' lang='lat' dir='ltr'>Ep.</span> <span class='ocrx_word' id='word_1_135' title='bbox 361 1121 449 1158; x_wconf 92' lang='lat'>107,</span> <span class='ocrx_word' id='word_1_136' title='bbox 465 1108 590 1160; x_wconf 75' lang='grc' dir='ltr'>Φλέξω</span> <span class='ocrx_word' id='word_1_137' title='bbox 603 1110 672 1148; x_wconf 70' lang='grc' dir='ltr'>ναί·</span> <span class='ocrx_word' id='word_1_138' title='bbox 686 1111 725 1147; x_wconf 83' lang='grc' dir='ltr'>τί</span> <span class='ocrx_word' id='word_1_139' title='bbox 734 1111 887 1159; x_wconf 69' lang='grc' dir='ltr'>μάταιοι</span> <span class='ocrx_word' id='word_1_140' title='bbox 899 1107 1040 1160; x_wconf 58' lang='grc' dir='ltr'>γελᾷς,</span> <span class='ocrx_word' id='word_1_141' title='bbox 1054 1110 1115 1147; x_wconf 67' lang='grc' dir='ltr'>καὶ</span> <span class='ocrx_word' id='word_1_142' title='bbox 1128 1111 1224 1159; x_wconf 64' lang='grc' dir='ltr'>σιμὰ</span> <span class='ocrx_word' id='word_1_143' title='bbox 1235 1124 1298 1148; x_wconf 77' lang='grc' dir='ltr'>σε·</span> 
     </span>
     <span class='ocr_line' id='line_1_18' title="bbox 31 1162 1298 1215; baseline 0 -13"><span class='ocrx_word' id='word_1_144' title='bbox 31 1163 148 1214; x_wconf 73' lang='grc' dir='ltr'><strong><em>σηρὼς</em></strong></span> <span class='ocrx_word' id='word_1_145' title='bbox 161 1162 382 1215; x_wconf 61' lang='grc' dir='ltr'><strong><em>Μυχθίζειςς</em></strong></span> <span class='ocrx_word' id='word_1_146' title='bbox 399 1177 521 1214; x_wconf 60' lang='lat' dir='ltr'>‘saxee</span> <span class='ocrx_word' id='word_1_147' title='bbox 540 1177 612 1201; x_wconf 71' lang='grc' dir='ltr'>’που</span> <span class='ocrx_word' id='word_1_148' title='bbox 628 1163 814 1215; x_wconf 60' lang='grc' dir='ltr'><em>σειρὸὁνιον</em></span> <span class='ocrx_word' id='word_1_149' title='bbox 824 1163 1018 1215; x_wconf 48' lang='grc' dir='ltr'>’γελάσὲις</span> <span class='ocrx_word' id='word_1_150' title='bbox 1036 1162 1081 1201; x_wconf 90' lang='lat' dir='ltr'>In</span> <span class='ocrx_word' id='word_1_151' title='bbox 1094 1162 1298 1203; x_wconf 83' lang='lat' dir='ltr'>Theocriti</span> 
     </span>
     <span class='ocr_line' id='line_1_19' title="bbox 32 1214 1299 1269; baseline -0.002 -13"><span class='ocrx_word' id='word_1_152' title='bbox 32 1216 112 1257; x_wconf 85' lang='lat' dir='ltr'>Eid.</span> <span class='ocrx_word' id='word_1_153' title='bbox 127 1215 201 1256; x_wconf 91' lang='lat' dir='ltr'>XX</span> <span class='ocrx_word' id='word_1_154' title='bbox 216 1230 286 1269; x_wconf 91' lang='lat' dir='ltr'>pro</span> <span class='ocrx_word' id='word_1_155' title='bbox 294 1214 485 1266; x_wconf 72' lang='grc' dir='ltr'><em>μυθίζοισοι</em></span> <span class='ocrx_word' id='word_1_156' title='bbox 500 1227 628 1255; x_wconf 89' lang='lat' dir='ltr'>utrum</span> <span class='ocrx_word' id='word_1_157' title='bbox 644 1231 683 1256; x_wconf 90' lang='lat' dir='ltr'>v.</span> <span class='ocrx_word' id='word_1_158' title='bbox 702 1230 716 1255; x_wconf 87' lang='lat'>1</span> <span class='ocrx_word' id='word_1_159' title='bbox 728 1231 761 1262; x_wconf 83' lang='lat'>1,</span> <span class='ocrx_word' id='word_1_160' title='bbox 772 1229 819 1255; x_wconf 86' lang='lat' dir='ltr'>an</span> <span class='ocrx_word' id='word_1_161' title='bbox 835 1230 896 1269; x_wconf 88' lang='lat'>13,</span> <span class='ocrx_word' id='word_1_162' title='bbox 911 1214 1073 1269; x_wconf 90' lang='lat' dir='ltr'>supponi</span> <span class='ocrx_word' id='word_1_163' title='bbox 1087 1216 1220 1255; x_wconf 88' lang='lat' dir='ltr'>debeat</span> <span class='ocrx_word' id='word_1_164' title='bbox 1226 1231 1299 1266; x_wconf 81' lang='grc' dir='ltr'>μυ-</span> 
     </span>
     <span class='ocr_line' id='line_1_20' title="bbox 32 1270 1297 1324; baseline 0.001 -15"><span class='ocrx_word' id='word_1_165' title='bbox 32 1270 234 1324; x_wconf 73' lang='grc' dir='ltr'><em>χθίζοισοι,</em></span> <span class='ocrx_word' id='word_1_166' title='bbox 255 1283 459 1324; x_wconf 84' lang='lat' dir='ltr'>parumper</span> <span class='ocrx_word' id='word_1_167' title='bbox 477 1270 643 1317; x_wconf 85' lang='lat' dir='ltr'>haefito;</span> <span class='ocrx_word' id='word_1_168' title='bbox 666 1271 842 1323; x_wconf 84' lang='lat' dir='ltr'>quamvis</span> <span class='ocrx_word' id='word_1_169' title='bbox 859 1270 1028 1309; x_wconf 84' lang='lat' dir='ltr'>animum</span> <span class='ocrx_word' id='word_1_170' title='bbox 1049 1270 1232 1309; x_wconf 86' lang='lat' dir='ltr'>inclinent</span> <span class='ocrx_word' id='word_1_171' title='bbox 1250 1271 1297 1310; x_wconf 86' lang='lat' dir='ltr'>ad</span> 
     </span>
     <span class='ocr_line' id='line_1_21' title="bbox 34 1323 1299 1377; baseline 0 -13"><span class='ocrx_word' id='word_1_172' title='bbox 34 1323 283 1377; x_wconf 86' lang='lat' dir='ltr'>posteriorem</span> <span class='ocrx_word' id='word_1_173' title='bbox 296 1324 425 1364; x_wconf 88' lang='lat' dir='ltr'>locum</span> <span class='ocrx_word' id='word_1_174' title='bbox 439 1324 625 1376; x_wconf 70' lang='lat' dir='ltr'>produ&amp;a</span> <span class='ocrx_word' id='word_1_175' title='bbox 639 1324 822 1376; x_wconf 84' lang='lat' dir='ltr'>Meleagri</span> <span class='ocrx_word' id='word_1_176' title='bbox 836 1324 967 1362; x_wconf 88' lang='lat' dir='ltr'>verba.</span> <span class='ocrx_word' id='word_1_177' title='bbox 983 1323 1095 1363; x_wconf 86' lang='lat' dir='ltr'>Clare</span> <span class='ocrx_word' id='word_1_178' title='bbox 1109 1323 1299 1376; x_wconf 81' lang='lat' dir='ltr'>Origenes</span> 
     </span>
     <span class='ocr_line' id='line_1_22' title="bbox 31 1373 1300 1430; baseline 0 -13"><span class='ocrx_word' id='word_1_179' title='bbox 31 1379 72 1417; x_wconf 84' lang='lat' dir='ltr'>in</span> <span class='ocrx_word' id='word_1_180' title='bbox 85 1377 182 1418; x_wconf 87' lang='lat' dir='ltr'>Cels.</span> <span class='ocrx_word' id='word_1_181' title='bbox 194 1378 267 1424; x_wconf 82' lang='lat' dir='ltr'>IV,</span> <span class='ocrx_word' id='word_1_182' title='bbox 287 1391 322 1429; x_wconf 89' lang='lat' dir='ltr'>p.</span> <span class='ocrx_word' id='word_1_183' title='bbox 338 1376 431 1426; x_wconf 85' lang='lat'>187:</span> <span class='ocrx_word' id='word_1_184' title='bbox 451 1378 540 1416; x_wconf 73' lang='grc' dir='ltr'>ἀλλ’</span> <span class='ocrx_word' id='word_1_185' title='bbox 552 1373 617 1416; x_wconf 61' lang='lat' dir='ltr'>ofin</span> <span class='ocrx_word' id='word_1_186' title='bbox 629 1377 829 1430; x_wconf 64' lang='grc' dir='ltr'><em>εὔγνωμον,</em></span> <span class='ocrx_word' id='word_1_187' title='bbox 841 1378 962 1416; x_wconf 71' lang='grc' dir='ltr'>ἐκεῖνοι</span> <span class='ocrx_word' id='word_1_188' title='bbox 973 1377 1041 1427; x_wconf 79' lang='grc' dir='ltr'>μὲν</span> <span class='ocrx_word' id='word_1_189' title='bbox 1054 1377 1104 1426; x_wconf 62' lang='grc' dir='ltr'>μὴ</span> <span class='ocrx_word' id='word_1_190' title='bbox 1118 1377 1236 1430; x_wconf 51' lang='lat' dir='ltr'>‘yenit‘</span> <span class='ocrx_word' id='word_1_191' title='bbox 1250 1376 1300 1417; x_wconf 66' lang='grc' dir='ltr'>ὧς</span> 
     </span>
     <span class='ocr_line' id='line_1_23' title="bbox 32 1426 1300 1483; baseline -0.001 -12"><span class='ocrx_word' id='word_1_192' title='bbox 32 1430 155 1483; x_wconf 66' lang='grc' dir='ltr'><em>μῦθον,</em></span> <span class='ocrx_word' id='word_1_193' title='bbox 169 1434 278 1471; x_wconf 72' lang='grc' dir='ltr'>ἀλλὰ.</span> <span class='ocrx_word' id='word_1_194' title='bbox 288 1430 495 1481; x_wconf 69' lang='grc' dir='ltr'>ἲῑ-οιυμάζειν</span> <span class='ocrx_word' id='word_1_195' title='bbox 509 1426 556 1469; x_wconf 73' lang='grc' dir='ltr'>ὦς</span> <span class='ocrx_word' id='word_1_196' title='bbox 565 1432 599 1470; x_wconf 78' lang='grc' dir='ltr'>ἐν</span> <span class='ocrx_word' id='word_1_197' title='bbox 609 1431 706 1480; x_wconf 70' lang='grc' dir='ltr'><strong><em>μύθῳ</em></strong></span> <span class='ocrx_word' id='word_1_198' title='bbox 715 1431 1022 1481; x_wconf 69' lang='grc' dir='ltr'><em>φιλοσοφούμενα·</em></span> <span class='ocrx_word' id='word_1_199' title='bbox 1035 1429 1166 1469; x_wconf 77' lang='grc' dir='ltr'><strong><em>ταῦτα,</em></strong></span> <span class='ocrx_word' id='word_1_200' title='bbox 1174 1431 1218 1470; x_wconf 62' lang='grc' dir='ltr'>Σὲ</span> <span class='ocrx_word' id='word_1_201' title='bbox 1227 1433 1300 1481; x_wconf 76' lang='grc' dir='ltr'>μό·</span> 
     </span>
     <span class='ocr_line' id='line_1_24' title="bbox 35 1484 1300 1537; baseline 0 -12"><span class='ocrx_word' id='word_1_202' title='bbox 35 1501 72 1534; x_wconf 61' lang='grc' dir='ltr'>νη</span> <span class='ocrx_word' id='word_1_203' title='bbox 87 1484 135 1535; x_wconf 67' lang='grc' dir='ltr'><em>τῇ</em></span> <span class='ocrx_word' id='word_1_204' title='bbox 148 1485 247 1537; x_wconf 79' lang='grc' dir='ltr'>λέξει</span> <span class='ocrx_word' id='word_1_205' title='bbox 263 1486 326 1524; x_wconf 61' lang='grc' dir='ltr'>τὴν</span> <span class='ocrx_word' id='word_1_206' title='bbox 337 1484 506 1524; x_wconf 47' lang='lat' dir='ltr'>saevom</span> <span class='ocrx_word' id='word_1_207' title='bbox 522 1485 818 1535; x_wconf 69' lang='grc' dir='ltr'>ἑνοιετερεισαντοι</span> <span class='ocrx_word' id='word_1_208' title='bbox 833 1486 1042 1536; x_wconf 75' lang='grc' dir='ltr'><em>μυχθίζειν·</em></span> <span class='ocrx_word' id='word_1_209' title='bbox 1060 1484 1128 1523; x_wconf 92' lang='lat' dir='ltr'>ubi</span> <span class='ocrx_word' id='word_1_210' title='bbox 1151 1484 1300 1525; x_wconf 87' lang='lat' dir='ltr'>senten-</span> 
     </span>
     <span class='ocr_line' id='line_1_25' title="bbox 33 1537 1296 1592; baseline 0.001 -13"><span class='ocrx_word' id='word_1_211' title='bbox 33 1540 111 1579; x_wconf 84' lang='lat' dir='ltr'>tiae</span> <span class='ocrx_word' id='word_1_212' title='bbox 121 1552 242 1579; x_wconf 88' lang='lat' dir='ltr'>nexus</span> <span class='ocrx_word' id='word_1_213' title='bbox 254 1539 406 1591; x_wconf 85' lang='lat' dir='ltr'>qualem</span> <span class='ocrx_word' id='word_1_214' title='bbox 419 1539 500 1577; x_wconf 90' lang='lat' dir='ltr'>vim</span> <span class='ocrx_word' id='word_1_215' title='bbox 515 1538 692 1591; x_wconf 91' lang='lat' dir='ltr'>postulet,</span> <span class='ocrx_word' id='word_1_216' title='bbox 705 1538 996 1592; x_wconf 87' lang='lat' dir='ltr'>haudquaquam</span> <span class='ocrx_word' id='word_1_217' title='bbox 1012 1537 1219 1578; x_wconf 87' lang='lat' dir='ltr'>obscurum</span> <span class='ocrx_word' id='word_1_218' title='bbox 1229 1540 1296 1580; x_wconf 90' lang='lat' dir='ltr'>est.</span> 
     </span>
     <span class='ocr_line' id='line_1_26' title="bbox 34 1591 1302 1645; baseline -0.001 -12"><span class='ocrx_word' id='word_1_219' title='bbox 34 1594 186 1633; x_wconf 84' lang='lat' dir='ltr'>verum</span> <span class='ocrx_word' id='word_1_220' title='bbox 199 1594 353 1632; x_wconf 89' lang='lat' dir='ltr'>minime</span> <span class='ocrx_word' id='word_1_221' title='bbox 367 1592 610 1644; x_wconf 85' lang='lat' dir='ltr'>negligendus</span> <span class='ocrx_word' id='word_1_222' title='bbox 624 1592 677 1632; x_wconf 89' lang='lat' dir='ltr'>est</span> <span class='ocrx_word' id='word_1_223' title='bbox 690 1591 886 1645; x_wconf 77' lang='lat' dir='ltr'>impressae</span> <span class='ocrx_word' id='word_1_224' title='bbox 900 1592 1072 1631; x_wconf 89' lang='lat' dir='ltr'>maculae</span> <span class='ocrx_word' id='word_1_225' title='bbox 1090 1591 1302 1632; x_wconf 73' lang='lat' dir='ltr'>similitudi-</span> 
     </span>
     <span class='ocr_line' id='line_1_27' title="bbox 12 1645 1301 1698; baseline -0.002 -9"><span class='ocrx_word' id='word_1_226' title='bbox 12 1687 14 1689; x_wconf 88' lang='lat'>.</span> <span class='ocrx_word' id='word_1_227' title='bbox 33 1660 84 1688; x_wconf 79' lang='lat' dir='ltr'>ne</span> <span class='ocrx_word' id='word_1_228' title='bbox 106 1647 285 1687; x_wconf 83' lang='lat' dir='ltr'>notabilis</span> <span class='ocrx_word' id='word_1_229' title='bbox 306 1645 493 1698; x_wconf 84' lang='lat' dir='ltr'>Hesychii</span> <span class='ocrx_word' id='word_1_230' title='bbox 517 1647 626 1686; x_wconf 89' lang='lat' dir='ltr'>locus</span> <span class='ocrx_word' id='word_1_231' title='bbox 641 1677 651 1694; x_wconf 93' lang='lat'>‚</span> <span class='ocrx_word' id='word_1_232' title='bbox 677 1646 947 1696; x_wconf 65' lang='grc' dir='ltr'>Ἐπισμυκτὶν,</span> <span class='ocrx_word' id='word_1_233' title='bbox 969 1646 1301 1697; x_wconf 69' lang='grc' dir='ltr'><strong><em>ἑπιμυκτηρισμόν.</em></strong></span> 
     </span>
     <span class='ocr_line' id='line_1_28' title="bbox 35 1699 1305 1754; baseline -0.004 -14"><span class='ocrx_word' id='word_1_234' title='bbox 35 1701 330 1754; x_wconf 85' lang='lat' dir='ltr'>Quamcunque</span> <span class='ocrx_word' id='word_1_235' title='bbox 341 1701 379 1739; x_wconf 91' lang='lat' dir='ltr'>in</span> <span class='ocrx_word' id='word_1_236' title='bbox 393 1711 538 1753; x_wconf 88' lang='lat' dir='ltr'>partem</span> <span class='ocrx_word' id='word_1_237' title='bbox 550 1699 765 1740; x_wconf 86' lang='lat' dir='ltr'>versaveris</span> <span class='ocrx_word' id='word_1_238' title='bbox 776 1699 1233 1753; x_wconf 60' lang='lat' dir='ltr'>{orio-fauxetvmunquam</span> <span class='ocrx_word' id='word_1_239' title='bbox 1247 1701 1305 1739; x_wconf 84' lang='lat' dir='ltr'>in.</span> 
     </span>
     <span class='ocr_line' id='line_1_29' title="bbox 0 1752 1301 1807; baseline 0 -14"><span class='ocrx_word' id='word_1_240' title='bbox 0 1788 1 1793; x_wconf 73' lang='grc'>,</span> <span class='ocrx_word' id='word_1_241' title='bbox 34 1757 82 1795; x_wconf 83' lang='lat' dir='ltr'>de</span> <span class='ocrx_word' id='word_1_242' title='bbox 103 1755 288 1794; x_wconf 82' lang='lat' dir='ltr'>exmndes</span> <span class='ocrx_word' id='word_1_243' title='bbox 308 1753 532 1807; x_wconf 88' lang='lat' dir='ltr'>potestatem</span> <span class='ocrx_word' id='word_1_244' title='bbox 551 1752 618 1793; x_wconf 77' lang='grc' dir='ltr'>τοῦ</span> <span class='ocrx_word' id='word_1_245' title='bbox 630 1753 934 1805; x_wconf 69' lang='grc' dir='ltr'>ἐπεμυκτηρίζειν·</span> <span class='ocrx_word' id='word_1_246' title='bbox 960 1753 1101 1792; x_wconf 87' lang='lat' dir='ltr'>idcirco</span> <span class='ocrx_word' id='word_1_247' title='bbox 1122 1753 1212 1792; x_wconf 82' lang='lat' dir='ltr'>nihil</span> <span class='ocrx_word' id='word_1_248' title='bbox 1232 1767 1301 1793; x_wconf 88' lang='lat' dir='ltr'>oc·</span> 
     </span>
     <span class='ocr_line' id='line_1_30' title="bbox 0 1806 1301 1862; baseline -0.002 -13"><span class='ocrx_word' id='word_1_249' title='bbox 0 1818 1 1824; x_wconf 60' lang='lat'>¹</span> <span class='ocrx_word' id='word_1_250' title='bbox 33 1810 154 1850; x_wconf 89' lang='lat' dir='ltr'>currit</span> <span class='ocrx_word' id='word_1_251' title='bbox 165 1809 393 1862; x_wconf 83' lang='lat' dir='ltr'>expeditius,</span> <span class='ocrx_word' id='word_1_252' title='bbox 407 1821 522 1861; x_wconf 86' lang='lat' dir='ltr'>quam</span> <span class='ocrx_word' id='word_1_253' title='bbox 533 1818 575 1846; x_wconf 90' lang='lat' dir='ltr'>ut</span> <span class='ocrx_word' id='word_1_254' title='bbox 591 1808 730 1846; x_wconf 87' lang='lat' dir='ltr'>vitiato</span> <span class='ocrx_word' id='word_1_255' title='bbox 742 1808 872 1847; x_wconf 89' lang='lat' dir='ltr'>codice</span> <span class='ocrx_word' id='word_1_256' title='bbox 885 1807 1065 1858; x_wconf 88' lang='lat' dir='ltr'>deceptus</span> <span class='ocrx_word' id='word_1_257' title='bbox 1080 1806 1301 1858; x_wconf 83' lang='lat' dir='ltr'>Hesychius</span> 
     </span>
     <span class='ocr_line' id='line_1_31' title="bbox 35 1860 1300 1915; baseline -0.002 -11"><span class='ocrx_word' id='word_1_258' title='bbox 35 1864 181 1904; x_wconf 87' lang='lat' dir='ltr'>dederit</span> <span class='ocrx_word' id='word_1_259' title='bbox 193 1863 441 1912; x_wconf 68' lang='grc' dir='ltr'>ἐπισμυκτὸν,</span> <span class='ocrx_word' id='word_1_260' title='bbox 455 1862 560 1915; x_wconf 91' lang='lat' dir='ltr'>quod</span> <span class='ocrx_word' id='word_1_261' title='bbox 571 1861 808 1901; x_wconf 88' lang='lat' dir='ltr'>scribendum</span> <span class='ocrx_word' id='word_1_262' title='bbox 827 1860 951 1900; x_wconf 89' lang='lat' dir='ltr'>fuerat</span> <span class='ocrx_word' id='word_1_263' title='bbox 969 1861 1203 1912; x_wconf 60' lang='grc' dir='ltr'><em>ἑπιμυγμὸν·</em></span> <span class='ocrx_word' id='word_1_264' title='bbox 1229 1861 1300 1901; x_wconf 81' lang='lat' dir='ltr'>nist</span> 
     </span>
     <span class='ocr_line' id='line_1_32' title="bbox 35 1915 1302 1969; baseline -0.002 -12"><span class='ocrx_word' id='word_1_265' title='bbox 35 1928 165 1957; x_wconf 87' lang='lat' dir='ltr'>tamen</span> <span class='ocrx_word' id='word_1_266' title='bbox 179 1917 280 1969; x_wconf 80' lang='lat' dir='ltr'>quiS,</span> <span class='ocrx_word' id='word_1_267' title='bbox 298 1929 359 1955; x_wconf 93' lang='lat' dir='ltr'>me</span> <span class='ocrx_word' id='word_1_268' title='bbox 374 1929 453 1955; x_wconf 92' lang='lat' dir='ltr'>non</span> <span class='ocrx_word' id='word_1_269' title='bbox 472 1915 609 1962; x_wconf 90' lang='lat' dir='ltr'>invito,</span> <span class='ocrx_word' id='word_1_270' title='bbox 627 1916 784 1968; x_wconf 89' lang='lat' dir='ltr'>propius</span> <span class='ocrx_word' id='word_1_271' title='bbox 803 1915 849 1954; x_wconf 89' lang='lat' dir='ltr'>ad</span> <span class='ocrx_word' id='word_1_272' title='bbox 871 1915 995 1954; x_wconf 86' lang='lat' dir='ltr'>literas</span> <span class='ocrx_word' id='word_1_273' title='bbox 1008 1926 1212 1967; x_wconf 87' lang='lat' dir='ltr'>corruptae</span> <span class='ocrx_word' id='word_1_274' title='bbox 1226 1929 1302 1954; x_wconf 93' lang='lat' dir='ltr'>vo-</span> 
     </span>
     <span class='ocr_line' id='line_1_33' title="bbox 37 1967 1302 2024; baseline -0.003 -12"><span class='ocrx_word' id='word_1_275' title='bbox 37 1972 107 2020; x_wconf 83' lang='lat' dir='ltr'>cis,</span> <span class='ocrx_word' id='word_1_276' title='bbox 120 1972 313 2024; x_wconf 84' lang='lat' dir='ltr'>po&#39;e&#39;ticam</span> <span class='ocrx_word' id='word_1_277' title='bbox 329 1967 492 2009; x_wconf 87' lang='lat' dir='ltr'>formam</span> <span class='ocrx_word' id='word_1_278' title='bbox 503 1968 691 2022; x_wconf 86' lang='lat' dir='ltr'>praeferat</span> <span class='ocrx_word' id='word_1_279' title='bbox 710 1968 937 2018; x_wconf 76' lang='grc' dir='ltr'>ἑπιμυκτὺν,</span> <span class='ocrx_word' id='word_1_280' title='bbox 954 1967 1164 2007; x_wconf 90' lang='lat' dir='ltr'>cuiusmodi</span> <span class='ocrx_word' id='word_1_281' title='bbox 1181 1969 1302 2008; x_wconf 90' lang='lat' dir='ltr'>multa</span> 
     </span>
     <span class='ocr_line' id='line_1_34' title="bbox 37 2021 1302 2079; baseline -0.002 -15"><span class='ocrx_word' id='word_1_282' title='bbox 37 2024 257 2079; x_wconf 83' lang='lat' dir='ltr'>praesertim</span> <span class='ocrx_word' id='word_1_283' title='bbox 273 2025 321 2064; x_wconf 89' lang='lat' dir='ltr'>ab</span> <span class='ocrx_word' id='word_1_284' title='bbox 338 2024 494 2063; x_wconf 89' lang='lat' dir='ltr'>Ionibus</span> <span class='ocrx_word' id='word_1_285' title='bbox 509 2022 813 2075; x_wconf 87' lang='lat' dir='ltr'>frequentantur,</span> <span class='ocrx_word' id='word_1_286' title='bbox 833 2022 991 2067; x_wconf 72' lang='grc' dir='ltr'>ἀλητὺς,</span> <span class='ocrx_word' id='word_1_287' title='bbox 1009 2021 1240 2061; x_wconf 57' lang='lat' dir='ltr'>&amp;vescemur</span> <span class='ocrx_word' id='word_1_288' title='bbox 1262 2024 1302 2062; x_wconf 68' lang='lat' dir='ltr'>in·</span> 
     </span>
     <span class='ocr_line' id='line_1_35' title="bbox 37 2074 1303 2130; baseline -0.003 -10"><span class='ocrx_word' id='word_1_289' title='bbox 37 2078 241 2130; x_wconf 87' lang='lat' dir='ltr'>Hesychio</span> <span class='ocrx_word' id='word_1_290' title='bbox 252 2107 264 2126; x_wconf 88' lang='lat'>,</span> <span class='ocrx_word' id='word_1_291' title='bbox 286 2077 489 2129; x_wconf 73' lang='grc' dir='ltr'><em>ἅρμοστὺς,</em></span> <span class='ocrx_word' id='word_1_292' title='bbox 503 2077 727 2124; x_wconf 69' lang='grc' dir='ltr'><em>ἀσπαστὸς,</em></span> <span class='ocrx_word' id='word_1_293' title='bbox 742 2075 912 2130; x_wconf 71' lang='grc' dir='ltr'>γενετὺς,</span> <span class='ocrx_word' id='word_1_294' title='bbox 925 2074 1077 2121; x_wconf 52' lang='lat' dir='ltr'>ssavus,</span> <span class='ocrx_word' id='word_1_295' title='bbox 1089 2074 1246 2116; x_wconf 79' lang='grc' dir='ltr'><strong><em>κτιστὺς</em></strong></span> <span class='ocrx_word' id='word_1_296' title='bbox 1261 2075 1303 2116; x_wconf 83' lang='lat'>&amp;</span> 
     </span>
     <span class='ocr_line' id='line_1_36' title="bbox 37 2128 1305 2183; baseline -0.007 -10"><span class='ocrx_word' id='word_1_297' title='bbox 37 2132 197 2174; x_wconf 73' lang='grc' dir='ltr'>ληϊστὺς</span> <span class='ocrx_word' id='word_1_298' title='bbox 211 2131 427 2178; x_wconf 84' lang='lat' dir='ltr'>Herodoto,</span> <span class='ocrx_word' id='word_1_299' title='bbox 440 2130 608 2182; x_wconf 58' lang='grc' dir='ltr'>μαστὸς,</span> <span class='ocrx_word' id='word_1_300' title='bbox 618 2129 818 2183; x_wconf 73' lang='grc' dir='ltr'><strong><em>ὀρχηστύς.</em></strong></span> <span class='ocrx_word' id='word_1_301' title='bbox 838 2130 952 2169; x_wconf 89' lang='lat' dir='ltr'>Nunc</span> <span class='ocrx_word' id='word_1_302' title='bbox 964 2128 992 2168; x_wconf 90' lang='lat' dir='ltr'>s1</span> <span class='ocrx_word' id='word_1_303' title='bbox 1005 2128 1238 2169; x_wconf 86' lang='lat' dir='ltr'>Scholiasten</span> <span class='ocrx_word' id='word_1_304' title='bbox 1251 2129 1305 2170; x_wconf 88' lang='lat' dir='ltr'>se.</span> 
     </span>
     <span class='ocr_line' id='line_1_37' title="bbox 37 2182 1304 2239; baseline -0.002 -12"><span class='ocrx_word' id='word_1_305' title='bbox 37 2199 151 2229; x_wconf 79' lang='lat' dir='ltr'>cutus</span> <span class='ocrx_word' id='word_1_306' title='bbox 174 2186 397 2239; x_wconf 88' lang='lat' dir='ltr'>probaveris</span> <span class='ocrx_word' id='word_1_307' title='bbox 420 2186 459 2223; x_wconf 89' lang='lat' dir='ltr'>in</span> <span class='ocrx_word' id='word_1_308' title='bbox 484 2185 654 2224; x_wconf 86' lang='lat' dir='ltr'>Luciano</span> <span class='ocrx_word' id='word_1_309' title='bbox 677 2184 949 2238; x_wconf 69' lang='grc' dir='ltr'>ἑπιμυγέντες,</span> <span class='ocrx_word' id='word_1_310' title='bbox 971 2182 1097 2223; x_wconf 85' lang='lat' dir='ltr'>sensus</span> <span class='ocrx_word' id='word_1_311' title='bbox 1114 2183 1265 2223; x_wconf 89' lang='lat' dir='ltr'>orietur</span> <span class='ocrx_word' id='word_1_312' title='bbox 1281 2197 1304 2224; x_wconf 88' lang='lat' dir='ltr'>a</span> 
     </span>
     <span class='ocr_line' id='line_1_38' title="bbox 38 2237 1304 2295; baseline -0.002 -15"><span class='ocrx_word' id='word_1_313' title='bbox 38 2242 168 2295; x_wconf 83' lang='lat' dir='ltr'>priore</span> <span class='ocrx_word' id='word_1_314' title='bbox 181 2239 356 2279; x_wconf 88' lang='lat' dir='ltr'>nonnihil</span> <span class='ocrx_word' id='word_1_315' title='bbox 369 2237 540 2278; x_wconf 91' lang='lat' dir='ltr'>diversus</span> <span class='ocrx_word' id='word_1_316' title='bbox 555 2251 563 2277; x_wconf 91' lang='lat'>:</span> <span class='ocrx_word' id='word_1_317' title='bbox 588 2250 715 2290; x_wconf 89' lang='lat' dir='ltr'>neque</span> <span class='ocrx_word' id='word_1_318' title='bbox 726 2240 826 2277; x_wconf 90' lang='lat' dir='ltr'>enim</span> <span class='ocrx_word' id='word_1_319' title='bbox 840 2238 886 2276; x_wconf 89' lang='lat' dir='ltr'>ad</span> <span class='ocrx_word' id='word_1_320' title='bbox 898 2237 1116 2277; x_wconf 87' lang='lat' dir='ltr'>testatorem</span> <span class='ocrx_word' id='word_1_321' title='bbox 1129 2237 1304 2291; x_wconf 87' lang='lat' dir='ltr'>amplius,</span> 
     </span>
     <span class='ocr_line' id='line_1_39' title="bbox 41 2290 1304 2348; baseline -0.002 -14"><span class='ocrx_word' id='word_1_322' title='bbox 41 2308 65 2335; x_wconf 86' lang='lat' dir='ltr'>a</span> <span class='ocrx_word' id='word_1_323' title='bbox 77 2307 158 2348; x_wconf 91' lang='lat' dir='ltr'>quo</span> <span class='ocrx_word' id='word_1_324' title='bbox 169 2291 312 2333; x_wconf 83' lang='lat' dir='ltr'>fuerint</span> <span class='ocrx_word' id='word_1_325' title='bbox 322 2294 474 2345; x_wconf 81' lang='lat' dir='ltr'>egregie</span> <span class='ocrx_word' id='word_1_326' title='bbox 482 2291 679 2337; x_wconf 85' lang='lat' dir='ltr'>ludificati,</span> <span class='ocrx_word' id='word_1_327' title='bbox 693 2290 753 2330; x_wconf 93' lang='lat' dir='ltr'>sed</span> <span class='ocrx_word' id='word_1_328' title='bbox 768 2292 813 2331; x_wconf 91' lang='lat' dir='ltr'>ad</span> <span class='ocrx_word' id='word_1_329' title='bbox 825 2291 918 2330; x_wconf 88' lang='lat' dir='ltr'>alios</span> <span class='ocrx_word' id='word_1_330' title='bbox 926 2290 1015 2330; x_wconf 89' lang='lat' dir='ltr'>istos</span> <span class='ocrx_word' id='word_1_331' title='bbox 1027 2291 1245 2343; x_wconf 86' lang='lat' dir='ltr'>pertinebit,</span> <span class='ocrx_word' id='word_1_332' title='bbox 1258 2293 1304 2331; x_wconf 91' lang='lat' dir='ltr'>de</span> 
     </span>
     <span class='ocr_line' id='line_1_40' title="bbox 40 2342 1304 2403; baseline -0.003 -15"><span class='ocrx_word' id='word_1_333' title='bbox 40 2349 180 2403; x_wconf 82' lang='lat' dir='ltr'>quibus</span> <span class='ocrx_word' id='word_1_334' title='bbox 199 2348 316 2387; x_wconf 90' lang='lat' dir='ltr'>modo</span> <span class='ocrx_word' id='word_1_335' title='bbox 331 2346 486 2392; x_wconf 82' lang='lat' dir='ltr'>Noster,</span> <span class='ocrx_word' id='word_1_336' title='bbox 508 2345 587 2384; x_wconf 78' lang='grc' dir='ltr'>τοῖς</span> <span class='ocrx_word' id='word_1_337' title='bbox 604 2345 757 2385; x_wconf 71' lang='grc' dir='ltr'>πολλοῖς</span> <span class='ocrx_word' id='word_1_338' title='bbox 771 2342 925 2385; x_wconf 51' lang='lat' dir='ltr'>{laternae</span> <span class='ocrx_word' id='word_1_339' title='bbox 938 2345 1110 2398; x_wconf 73' lang='grc' dir='ltr'>γίνεται,</span> <span class='ocrx_word' id='word_1_340' title='bbox 1135 2357 1304 2397; x_wconf 89' lang='lat' dir='ltr'>quorum</span> 
     </span>
     <span class='ocr_line' id='line_1_41' title="bbox 40 2399 1304 2458; baseline -0.004 -16"><span class='ocrx_word' id='word_1_341' title='bbox 40 2403 162 2458; x_wconf 84' lang='lat' dir='ltr'>plenis</span> <span class='ocrx_word' id='word_1_342' title='bbox 171 2401 364 2441; x_wconf 86' lang='lat' dir='ltr'>cachinnis</span> <span class='ocrx_word' id='word_1_343' title='bbox 380 2399 525 2451; x_wconf 87' lang='lat' dir='ltr'>peffimi</span> <span class='ocrx_word' id='word_1_344' title='bbox 543 2409 761 2451; x_wconf 86' lang='lat' dir='ltr'>captatores</span> <span class='ocrx_word' id='word_1_345' title='bbox 773 2399 1014 2451; x_wconf 84' lang='lat' dir='ltr'>excipiuntur</span> <span class='ocrx_word' id='word_1_346' title='bbox 1027 2410 1036 2437; x_wconf 91' lang='lat'>:</span> <span class='ocrx_word' id='word_1_347' title='bbox 1063 2399 1118 2435; x_wconf 86' lang='lat' dir='ltr'>Hi</span> <span class='ocrx_word' id='word_1_348' title='bbox 1135 2413 1213 2437; x_wconf 80' lang='lat' dir='ltr'>vero</span> <span class='ocrx_word' id='word_1_349' title='bbox 1224 2402 1304 2437; x_wconf 78' lang='lat' dir='ltr'>derz-</span> 
     </span>
     <span class='ocr_line' id='line_1_42' title="bbox 43 2451 1305 2510; baseline -0.006 -14"><span class='ocrx_word' id='word_1_350' title='bbox 43 2470 93 2496; x_wconf 81' lang='lat' dir='ltr'>ees</span> <span class='ocrx_word' id='word_1_351' title='bbox 103 2471 185 2510; x_wconf 82' lang='lat' dir='ltr'>prae</span> <span class='ocrx_word' id='word_1_352' title='bbox 198 2455 309 2494; x_wconf 82' lang='lat' dir='ltr'>dolore</span> <span class='ocrx_word' id='word_1_353' title='bbox 323 2455 501 2500; x_wconf 81' lang='lat' dir='ltr'>collidunt,</span> <span class='ocrx_word' id='word_1_354' title='bbox 519 2469 542 2492; x_wconf 91' lang='lat' dir='ltr'>a</span> <span class='ocrx_word' id='word_1_355' title='bbox 554 2454 677 2492; x_wconf 70' lang='lat' dir='ltr'>cunblis</span> <span class='ocrx_word' id='word_1_356' title='bbox 689 2454 730 2491; x_wconf 88' lang='lat' dir='ltr'>ob</span> <span class='ocrx_word' id='word_1_357' title='bbox 746 2454 928 2504; x_wconf 83' lang='lat' dir='ltr'>destitutam</span> <span class='ocrx_word' id='word_1_358' title='bbox 947 2451 1136 2491; x_wconf 79' lang='lat' dir='ltr'>hereditatis</span> <span class='ocrx_word' id='word_1_359' title='bbox 1143 2467 1205 2505; x_wconf 83' lang='lat' dir='ltr'>per</span> <span class='ocrx_word' id='word_1_360' title='bbox 1224 2453 1305 2503; x_wconf 83' lang='lat' dir='ltr'>infi-</span> 
     </span>
    </p>
   </div>
   <div class='ocr_carea' id='block_1_3' title="bbox 42 2506 1307 2603">
    <p class='ocr_par' dir='ltr' id='par_1_3' title="bbox 42 2506 1307 2603">
     <span class='ocr_line' id='line_1_43' title="bbox 42 2506 1307 2561; baseline -0.006 -10"><span class='ocrx_word' id='word_1_361' title='bbox 42 2512 120 2551; x_wconf 74' lang='lat' dir='ltr'>dias</span> <span class='ocrx_word' id='word_1_362' title='bbox 132 2510 300 2561; x_wconf 81' lang='lat' dir='ltr'>appetitae</span> <span class='ocrx_word' id='word_1_363' title='bbox 314 2508 409 2560; x_wconf 85' lang='lat' dir='ltr'>spem</span> <span class='ocrx_word' id='word_1_364' title='bbox 422 2509 510 2560; x_wconf 82' lang='lat' dir='ltr'>irrifi</span> <span class='ocrx_word' id='word_1_365' title='bbox 519 2523 560 2548; x_wconf 87' lang='lat' dir='ltr'>ac</span> <span class='ocrx_word' id='word_1_366' title='bbox 570 2508 712 2547; x_wconf 75' lang='lat' dir='ltr'>ludibrio</span> <span class='ocrx_word' id='word_1_367' title='bbox 723 2508 838 2546; x_wconf 72' lang='lat' dir='ltr'>hahiti.</span> <span class='ocrx_word' id='word_1_368' title='bbox 853 2506 992 2552; x_wconf 84' lang='lat' dir='ltr'>Porro,</span> <span class='ocrx_word' id='word_1_369' title='bbox 1006 2518 1067 2544; x_wconf 87' lang='lat' dir='ltr'>me</span> <span class='ocrx_word' id='word_1_370' title='bbox 1082 2506 1233 2558; x_wconf 80' lang='lat' dir='ltr'>quidem</span> <span class='ocrx_word' id='word_1_371' title='bbox 1247 2519 1307 2545; x_wconf 82' lang='lat' dir='ltr'>ar-</span> 
     </span>
     <span class='ocr_line' id='line_1_44' title="bbox 132 2559 1062 2603; baseline -0.003 -1"><span class='ocrx_word' id='word_1_372' title='bbox 132 2563 278 2603; x_wconf 81' lang='lat' dir='ltr'>Lucian.</span> <span class='ocrx_word' id='word_1_373' title='bbox 310 2563 389 2603; x_wconf 86' lang='lat' dir='ltr'><em>Vol.</em></span> <span class='ocrx_word' id='word_1_374' title='bbox 416 2562 470 2603; x_wconf 90' lang='lat' dir='ltr'>II.</span> <span class='ocrx_word' id='word_1_375' title='bbox 991 2559 1022 2599; x_wconf 85' lang='lat' dir='ltr'>E</span> <span class='ocrx_word' id='word_1_376' title='bbox 1040 2572 1062 2599; x_wconf 84' lang='lat' dir='ltr'>e</span> 
     </span>
    </p>
   </div>
  </div>
 </body>
</html>
