1748 3420
0 352 14 382 sa

0 403 9 438 ›-

133 217 210 262 IN
243 215 629 264 DIALOGOS
663 217 1180 276 MORTUORUM.
1219 233 1312 285 397

51 303 125 355 leni
139 318 256 344 manu
270 305 499 352 conducere,
512 316 627 358 atque
640 304 906 358 redintegrare,
925 307 975 348 fic
992 319 1033 347 ut
1044 308 1082 346 in
1094 307 1197 350 sensu
1211 322 1314 351 certe

41 357 248 411 'desiderari
270 359 360 397 nihil
382 360 542 398 omnino
567 358 760 398 videatur:
783 360 837 408 τῷ
851 358 916 399 τοῦ
932 362 1061 412 ’γένους
1083 364 1235 413 ἀνομοίῳ
1251 379 1314 404 κε.

51 412 281 471 κληρωμένοι·
296 413 379 451 dein
391 442 402 460 ,
418 411 519 463 μηδὲ
532 414 593 451 τὸν
605 411 761 475 μὲνΙτοῖς
776 412 959 459 τεθνεῶσι,
977 417 1040 453 τὶν
1058 414 1101 453 δε
1118 416 1191 456 διε.
1205 429 1286 456 tum
1296 449 1311 465 ‚

0 458 11 488 3·
53 467 96 504 ‘rb
113 479 178 504 του
193 466 321 518 Ιγένους
331 466 509 514 ἀνόμοιον,
522 461 569 504 ὧς
581 479 777 516 παρημεροι
789 465 850 504 vel
866 464 1066 519 ἑτερήμεροι
1078 467 1149 508 &c.
1165 471 1312 522 postea,

2 529 10 536 ·
49 516 179 557 ἅλλώς
194 533 238 557 τε
253 523 514 570 συμπράττειν
529 519 591 557 vel
613 517 796 570 συνεργεῖν
809 518 885 558 τοῖς
903 521 1076 559 πλέουσιν
1093 535 1157 560 aut
1177 524 1310 562 κινδυ-

0 582 8 590 ·
47 569 203 621 νεύουσιν
221 571 429 622 ἀνθρώποις·
449 572 631 624 denique,
644 575 733 624 πρὸς
751 571 991 613 Πολυδεύκην
1005 574 1117 626 Myos
1137 577 1219 615 ἐστὶ
1240 576 1310 617 τοῦ

0 623 7 644 ·’
47 626 260 678 ᾼιογένους,
274 622 321 665 ὧς
333 625 436 665 δῆθεν
456 625 530 664 &c.
553 624 677 664 Porro
692 625 797 677 quod
809 625 848 663 in
863 625 920 665 ed.
938 628 990 665 A.
1008 625 1081 666 fuit
1097 633 1312 681 προειρημὲε

46 690 112 725 ²101,
128 679 274 718 mutavi
289 681 325 718 in
343 679 585 731 προῃρημένοι.
610 679 775 735 ΗΕΜΞΤ.

101 732 192 785 Pag.
209 745 295 785 129.
314 733 336 771 l.
360 747 394 771 2.
417 732 478 771 Τίς
492 734 571 785 ’γὰρ
589 730 680 770 ὅλως
697 730 776 771 οῐδε
795 730 890 785 &c.)
917 732 1162 784 Cynicorum
1183 734 1279 775 seea
1292 768 1308 784 ,

46 785 137 836 quid
149 786 302 826 homine
318 785 402 839 post
415 796 575 825 mortem
590 785 761 824 futurum
779 784 890 832 effer,
906 799 985 825 non
1003 786 1113 826 valde
1132 790 1306 832 curabat.

0 842 2 852 '
44 837 170 879 Immo
187 840 253 892 qui
264 839 450 879 aSocrate
463 837 547 878 sunt
563 837 737 892 profecti,
752 837 906 891 ipseque
921 839 1044 888 Plato,
1060 841 1205 880 tametfi
1222 856 1308 882 ora-

0 900 1 903 ’
43 892 150 931 tione
170 893 368 946 magnifica
383 892 517 932 statum
532 923 545 939 ‚
566 892 634 945 qui
647 892 743 931 hanc
758 892 876 931 vitam
888 891 931 931 fit
949 905 1200 945 excepturus,
1221 909 1308 934 am-

45 944 203 998 pliffime
226 947 463 999 praedicent,
483 959 533 985 eo
556 945 664 997 saepe
682 946 874 991 recidunt,
899 958 941 985 ut
957 957 1082 985 totum
1103 948 1191 987 illud
1213 950 1307 989 nihil

44 998 119 1041 ess'e
134 1012 279 1052 praeter
294 999 552 1040 coniecturam
568 1029 579 1047 ,
602 998 641 1038 &
664 999 763 1038 illam
779 998 881 1038 suam
897 998 1104 1039 solemnem
1118 1007 1306 1051 μαντείαν

44 1053 148 1092 ultro
161 1053 367 1094 fateantur:
382 1053 798 1099 verumtamen‚iisdem
815 1052 1050 1101 auctoribus,
1063 1067 1108 1093 ea
1116 1067 1304 1097 venturae

43 1108 274 1147 conditionis
288 1109 478 1160 ignoratio
493 1107 531 1146 &
548 1106 755 1146 obscuritas
768 1107 940 1160 prudenti
961 1108 1124 1148 numinis
1139 1109 1304 1150 confilio

34 1161 261 1201 mortalium
276 1163 409 1201 animis
431 1161 482 1200 est
505 1159 676 1213 impressa
687 1191 699 1208 ,
724 1173 771 1199 ne
789 1159 927 1199 scilicet
939 1191 950 1209 ,
977 1160 1005 1200 fi
1030 1174 1172 1202 certam
1196 1177 1306 1216 gere-

41 1225 129 1261 rent
142 1214 472 1255 excellentiffimae
486 1214 679 1254 beatitatis
691 1212 972 1266 persuasionem
987 1245 999 1261 ‚
1017 1218 1159 1256 morari
1174 1217 1211 1255 in
1229 1219 1302 1258 hac

42 1268 124 1319 vita
136 1299 148 1318 ,
164 1282 243 1308 non
257 1268 468 1321 exspectata
489 1281 645 1307 naturae
659 1268 764 1320 lege,
779 1268 1018 1314 recusarent,
1041 1270 1079 1308 &
1103 1269 1236 1323 sponte
1254 1274 1301 1312 de

41 1321 205 1362 statione
219 1321 282 1362 sua
301 1324 389 1362 laeti
403 1323 642 1370 decederent3
665 1334 750 1360 nam
766 1352 777 1369 ,
798 1322 903 1375 quod
917 1323 1157 1363 Heraclitum
1173 1325 1302 1366 dixiffe

41 1375 168 1416 ferunt
177 1405 187 1423 ‚
201 1376 268 1416 τήν
280 1391 334 1429 ’γε
345 1375 571 1416 πεισθεῖσαν
583 1374 735 1428 ψυχὴν,
745 1374 817 1413 ὅσοι
828 1375 1036 1427 ἀνθρώπους
1045 1380 1224 1430 περιμένει
1238 1394 1303 1419 τε·

41 1428 488 1477 λευτῆσαντας,οὕδὲνὲὶν
496 1428 953 1482 κατασχοι.Ἀδηλ6τυτα
962 1430 1026 1469 καὶ
1038 1430 1219 1472 ἀπιστίαν
1228 1433 1302 1473 τῶν

36 1485 143 1536 μετὰ
154 1483 219 1522 τὴν
230 1485 408 1523 τελευτὴν
423 1494 539 1523 vocat
551 1482 778 1522 Themistius
792 1483 894 1535 apud
903 1482 1008 1522 Stob.
1028 1498 1062 1536 p.
1081 1485 1170 1524 606.
1189 1486 1300 1526 Euri-

40 1538 138 1591 pidis
150 1538 189 1576 in
203 1551 286 1577 eam
303 1538 522 1577 sententiam
536 1536 630 1576 dieta
642 1535 727 1576 sunt
741 1549 822 1575 non
837 1549 954 1588 pauca
963 1551 975 1585 3
991 1539 1105 1590 quale
1119 1538 1172 1578 est
1185 1540 1294 1581 illud:

42 1589 172 1630 Οὕτως
192 1591 273 1644 ἔρως
293 1592 467 1644 βρότοισιν
488 1590 662 1644 ἔγκειται
676 1590 767 1636 βίου.
783 1592 828 1627 Tb
843 1589 900 1640 ζῆν
913 1592 991 1643 ’γὰρ
1005 1605 1123 1641 ισμεν·
1140 1591 1207 1632 ⁷03
1225 1599 1300 1633 53oe-

39 1645 108 1687 νεῖν
118 1645 155 1684 δ’
169 1645 318 1698 ἀπειρία
327 1644 408 1684 Πᾶς
420 1660 479 1684 τις
494 1644 668 1694 φοβεῖται
681 1643 760 1695 φῶς
774 1642 899 1683 λιπεῖν
909 1643 1113 1685 τόδ’ἦλιόυ.
1130 1646 1295 1687 HEMST.

37 1714 50 1738 ἡ
93 1702 166 1738 ead.
181 1701 204 1738 l.
220 1713 257 1752 9.
280 1700 350 1738 Καὶ
367 1699 400 1738 ἐν
416 1698 466 1748 ⁷55
484 1697 616 1751 τριόδῳ
633 1697 789 1737 'finde-tm
809 1696 976 1749 δεῖπνον)
1002 1698 1142 1738 Narrat
1162 1701 1300 1754 interp,

38 1752 232 1804 Aristoph.
253 1754 293 1792 in
313 1753 409 1792 Plut.
435 1752 596 1804 Κράνειον
614 1751 648 1790 ἐν
671 1750 720 1800 τῇ
735 1751 899 1803 Κορίνθῳ,
921 1751 1064 1792 Λύκειον
1086 1759 1298 1806 γυμνάσιον

38 1807 132 1858 παρ’
145 1807 307 1847 Ἀθήναις
321 1808 355 1846 ἐν
368 1806 591 1858 προαστείῳ.
610 1805 782 1844 BOURD.

93 1863 164 1900 ead.
180 1862 203 1899 l.
224 1874 281 1900 10.
296 1859 451 1899 Ἔκατης
468 1858 631 1911 δεῖπνον)
654 1859 744 1898 Mos
757 1868 839 1898 erat
857 1858 1059 1906 divitibus,
1086 1872 1128 1899 ut
1143 1859 1299 1914 singulis

37 1915 229 1954 menfibus
237 1916 403 1954 Hecatae
412 1912 656 1953 sacrificando
666 1913 704 1951 in
715 1913 836 1952 triviis
845 1925 959 1965 panes
971 1923 1086 1966 atque
1100 1914 1170 1953 alia
1184 1929 1298 1968 quae-

39 1970 124 2008 dam
143 1980 340 2021 ponerent,
357 1980 457 2021 quae
471 1967 599 2020 postea
617 1980 639 2006 a
652 1966 878 2020 pauperibus
891 1966 1158 2007 auferebantur
1172 1981 1216 2008 ac
1229 1971 1297 2009 de-

37 2024 299 2062 vorabantur:
326 2022 424 2061 hanc
441 2023 590 2061 Hecates
610 2037 744 2060 coenam
765 2021 948 2060 dicebant.
973 2021 1105 2060 Suidas
1119 2021 1159 2061 δε
1173 2023 1297 2062 Athe-

36 2089 158 2126 naeus
167 2076 230 2115 lib.
245 2075 331 2116 VII.
345 2075 594 2115 Athenienses
608 2085 734 2114 autem
747 2074 788 2113 &
806 2075 951 2114 theatra
972 2075 1011 2114 δι
1025 2077 1233 2115 conciones
1255 2078 1296 2117 &

39 2141 189 2170 ceteros
200 2140 418 2169 conventus
433 2130 633 2168 hominum
646 2128 802 2167 lustrare
817 2127 1006 2177 solebant,
1018 2129 1196 2168 adhibitis
1211 2143 1297 2182 par-

36 2184 97 2224 vis
111 2185 152 2224 &
165 2184 303 2224 vilibus
317 2182 540 2236 quibusdam
557 2182 684 2222 hostiis
695 2213 706 2230 ,
722 2193 763 2221 ut
781 2181 914 2221 Suidas
928 2183 1056 2221 tradit:
1081 2195 1130 2222 eo
1145 2184 1295 2224 videtur

37 2237 97 2278 hic
117 2237 296 2278 alludere.
319 2237 448 2276 Huius
472 2238 529 2275 rei
551 2238 664 2275 etiam
684 2237 854 2276 meminit
873 2235 1067 2289 Aristoph.
1090 2237 1130 2275 in
1142 2236 1237 2277 Plut.
1254 2238 1294 2278 δέ

38 2293 118 2331 eius
134 2293 335 2345 interpres:
357 2291 447 2330 item
458 2290 659 2330 Theocriti
671 2288 997 2330 Gloffematarius.
1009 2290 1153 2329 COGN.
1165 2292 1214 2331 V.
1227 2307 1295 2331 κα-

39 2357 162 2385 ταπλ.
175 2359 208 2385 c.
219 2359 259 2394 7,
274 2345 315 2384 δι
329 2344 518 2383 Plutarch.
537 2359 552 2382 1
565 2345 630 2383 161
640 2375 650 2392 ,
669 2359 703 2383 2.
719 2344 875 2383 SOLAN.
891 2343 1112 2383 Declaravit
1124 2344 1225 2384 hunc
1237 2345 1295 2384 lo-

38 2412 127 2438 cum
140 2399 337 2438 Brodaeus
350 2397 456 2437 Misc.
469 2398 500 2445 I,
512 2411 544 2437 c.
558 2412 623 2445 24,
636 2413 657 2436 2
667 2411 701 2449 5,
716 2397 903 2449 expilatus
917 2411 937 2437 a
952 2397 1146 2449 CognatO.
1170 2399 1295 2437 Utro-

0 2486 1 2492 ,
40 2465 201 2504 rumque
214 2453 368 2492 Ἑκάτης
383 2451 532 2490 δείπνου
543 2451 582 2490 &
591 2450 663 2491 ὠῶν
676 2452 716 2490 ἐκ
727 2450 921 2502 καθαρσίου
936 2452 1072 2490 iterum
1089 2451 1140 2489 est
1151 2453 1297 2501 mentio

22 2505 80 2545 'in
93 2504 240 2560 Catapl.
258 2519 289 2546 c.
304 2521 343 2560 7,
356 2505 493 2560 prioris
509 2505 626 2555 etiam,
635 2504 687 2546 D.
699 2505 756 2546 M.
771 2504 905 2554 XXII,
929 2517 1030 2558 quae
1048 2507 1152 2546 viros
1173 2506 1296 2547 erudio
