1748 3420
414 228 510 277 404
615 209 1489 259 ANNOTATIONES

416 312 545 339 tamen
566 299 815 338 affirmavero
829 297 994 338 eundem
1014 296 1109 343 effe,
1131 311 1246 351 quem
1271 309 1461 339 memorat
1473 297 1680 339 Lucianus.

417 355 581 393 Tzetzes
592 352 693 392 Chil.
708 353 770 398 11,
783 366 824 391 ν.
841 354 916 392 602
931 364 940 390 :
961 349 1031 389 Τοῦ
1044 352 1269 403 Δαμαξένσυ
1289 351 1515 392 παλαιστοῦ
1532 358 1685 391 Λουκια-

414 411 471 447 νὸς
490 406 505 444 ὃ
529 405 640 458 Σύρος
661 408 866 457 Μέμνηται·
887 407 1010 457 λέγων
1030 404 1178 456 ἄριστον
1194 406 1229 444 ἑν
1249 405 1494 444 παλαισταῖς
1515 408 1686 458 τυγχα-

415 475 504 506 νειν,
518 456 638 499 Οὐὸὲν
652 456 839 499 ’ἦττοντοῧ
852 458 1028 503 Μίλωνος,
1043 458 1108 497 καὶ
1119 457 1349 498 παλαιστῶν
1361 457 1433 498 τῶν
1445 460 1580 498 αλλων.
1594 459 1686 498 Pra-

416 526 467 553 ve
483 513 722 565 Δαμαξένου·
742 513 851 565 peius
862 512 1083 551 Damaxenis
1095 513 1278 564 interpres
1291 524 1299 550 :
1314 523 1423 550 extra
1436 512 1537 551 hunc
1549 513 1684 552 locum

416 567 507 606 alibi
520 566 709 620 nusquam
725 566 826 619 apud
842 565 1044 613 Nostrum,
1057 564 1084 604 si
1098 564 1199 605 recle
1215 566 1394 613 memini,
1417 566 1589 605 occurrit
1601 564 1686 605 Da·

416 633 622 661 moxenus.
645 621 806 659 Hfims-r.

471 677 544 713 ead.
559 675 582 712 l.
599 674 633 713 8.
650 673 829 725 Χαροπὰ)
844 671 1040 724 Χαρίεντα,
1051 671 1181 723 ξανθὰ,
1195 674 1373 725 γλαυκὰ,
1389 671 1587 726 περιχαρνῖ.
1603 672 1687 712 He-

413 727 520 780 sych.
538 730 682 780 φοβερὰ.
700 727 915 780 simpliciter
935 725 1208 778 interpretatur
1221 726 1348 766 Schol.
1364 726 1558 780 Aristoph.
1575 725 1687 766 male.

414 782 590 822 BOURD.

472 839 543 874 ead.
559 836 582 874 l.
599 835 686 886 9.''H
701 836 853 884 μέλανα
872 833 1058 886 ἴμματα)
1072 832 1173 872 Dixi
1188 833 1234 871 ad
1249 832 1404 873 Petron.
1432 834 1606 873 BOURD.

471 891 550 928 ibid.
560 890 606 927 Ἤ
623 888 798 942 ἐρύθημα)
819 889 1015 940 Ἐριθημα,
1031 887 1185 937 βαμμια
1208 887 1369 926 κόκκινον
1392 889 1410 927 ἦ
1426 887 1593 940 ’.τυρῥδνῆ
1615 886 1688 937 μέ·

417 956 502 984 λαν.
522 942 698 995 ἐρύθημα,
722 941 739 982 ἦ
761 943 843 993 ῥιζα
866 939 884 982 ἦ
905 941 1087 994 λεγομένη
1104 940 1344 992 ἐρυθρόὲανον.
1368 941 1539 993 Hesych.
1561 940 1688 980 verbo

416 998 619 1050 Ἐρυθαίνει,
632 1009 653 1035 a
667 1009 746 1048 quo
759 996 863 1036 Suid.
879 996 946 1048 qui
958 995 1142 1046 adiungit:
1156 991 1174 1034 ἦ
1187 994 1342 1045 ῥοέάνιι,
1357 990 1398 1033 ’ἦς
1414 991 1432 1034 ἦ
1453 995 1534 1046 ῥιζα
1548 994 1622 1046 ἐρυθ
1643 995 1690 1041 δι,

416 1047 437 1101 {3
452 1051 683 1103 ἑρυθραίνουσι
695 1053 749 1088 τὰ.
760 1049 945 1101 πρόστυποι
957 1047 995 1086 αἱ
1005 1048 1407 1101 ργυναῖκες,ἐι’.·)χουο“α
1420 1051 1495 1100 hey
1503 1062 1600 1088 εται.
1638 1047 1686 1087 ed

417 1104 735 1155 Erythrodanum
758 1105 805 1142 ab
826 1102 1011 1142 Anchusa
1033 1101 1266 1153 distinguunt
1288 1102 1380 1141 Plin.
1402 1101 1529 1141 Ruell.
1547 1100 1684 1140 Fusch.

419 1157 738 1209 Erythrodanum
762 1157 932 1196 Rubiam
948 1156 1113 1203 Latinis,
1137 1155 1258 1195 Gallis
1278 1155 1446 1207 Garense‚
1468 1156 1506 1194 in
1523 1154 1592 1194 usu
1613 1153 1689 1195 effe

417 1211 594 1251 fucandis
617 1210 764 1249 feminis
786 1223 866 1249 non
888 1209 977 1248 alibi
998 1210 1095 1261 legi;
1122 1208 1302 1249 Anchusa
1317 1220 1478 1248 utuntur
1501 1209 1689 1256 maxime,

419 1278 536 1318 quam
553 1267 730 1303 orchanete
741 1275 888 1304 vocant
901 1263 1015 1303 Galli.
1032 1263 1103 1302 Ista
1120 1262 1265 1314 specie,
1292 1276 1371 1304 non
1391 1263 1549 1312 colore,
1575 1261 1690 1307 diffe-‚

418 1330 533 1364 runt,
553 1331 596 1358 ut
616 1319 702 1357 alibi
719 1318 936 1358 docendum
953 1318 1034 1356 erit.
1053 1318 1229 1356 BOURD.

472 1376 546 1412 ead.
563 1374 586 1412 l.
602 1385 615 1410 1
630 1387 661 1411 1.
679 1373 756 1410 Μία
770 1369 855 1424 ἦμῖν
871 1371 986 1423 κόνις)
1008 1370 1153 1410 Alludit
1173 1372 1218 1409 ad
1236 1369 1504 1410 defunctorum
1517 1370 1665 1411 cineres
1674 1378 1690 1418 ,⁵

418 1426 517 1467 inter
530 1438 631 1479 quos
647 1426 738 1465 nihil
756 1435 916 1479 apparet
928 1425 1161 1465 discriminis.
1180 1424 1325 1464 COGN.
1347 1425 1426 1464 Ubi
1443 1425 1567 1464 sermo
1583 1424 1626 1464 fit
1642 1425 1690 1466 de

420 1481 606 1529 mortuis,
624 1493 795 1532 quorum
817 1492 986 1532 corpora
1001 1479 1064 1518 vel
1086 1491 1185 1532 rogo
1204 1480 1341 1518 tradita
1355 1479 1392 1517 in
1408 1479 1598 1525 cinerem,
1622 1478 1689 1518 vel

417 1545 582 1575 naturae
601 1534 685 1587 lege
704 1533 827 1574 soluta
849 1534 888 1572 in
911 1533 1111 1586 pulverem
1135 1533 1372 1586 rediguntur,
1393 1532 1613 1585 frequenter
1625 1533 1690 1572 ad-

416 1589 544 1630 hiberi
568 1587 663 1627 solet
686 1588 792 1628 κόνις·
812 1588 914 1641 apud
932 1586 1115 1626 Nostrum
1129 1586 1181 1626 D.
1195 1586 1372 1634 M.XV1‚
1384 1586 1561 1626 Herculis
1575 1586 1688 1637 σῶμα

420 1644 457 1684 ἐν
470 1644 559 1693 Οἴτῃ
575 1643 670 1681 κόνις
684 1640 755 1681 mn
767 1643 971 1695 γενόμενον·
985 1642 1024 1680 δι
1041 1641 1129 1689 ΧΧ,
1144 1642 1209 1693 qui
1225 1641 1333 1680 locus
1345 1641 1459 1680 valde
1471 1640 1590 1680 videri
1629 1652 1691 1680 ot-

418 1697 474 1737 est
487 1707 734 1750 opportunus
752 1697 798 1735 ad
818 1696 921 1735 hunc
941 1694 1176 1735 fulciendum
1189 1724 1203 1741 ‚
1222 1695 1386 1735 Homeri
1396 1693 1466 1734 τῶν
1479 1693 1593 1747 ῥαψῳ
1626 1693 1689 1735 ιὸν

417 1753 473 1790 τα
488 1752 681 1798 κεφάλαια
695 1750 832 1803 χαμαὶ
846 1749 1019 1803 ἕῤῥιπται
1034 1748 1219 1802 ἄγνωστα
1234 1750 1298 1788 καὶ
1312 1748 1478 1800 ἄμορφα,
1489 1749 1584 1787 κόνις
1597 1748 1691 1789 πάν·

418 1820 474 1845 τα
493 1805 556 1844 καὶ
575 1802 679 1856 λῆρος
693 1803 825 1843 πολύς.
849 1802 1004 1843 Aristid.
1018 1803 1068 1843 T.
1083 1801 1115 1848 Ι,
1132 1817 1166 1856 p.
1185 1802 1255 1856 138
1280 1803 1324 1842 B.
1339 1801 1482 1848 κεφαλὴ
1499 1801 1546 1841 ἑὲ
1563 1800 1581 1840 ἦ
1596 1802 1690 1855 πρό-

418 1874 517 1911 τερον
531 1857 795 1918 χαριεστάτη,
807 1856 868 1897 νῦν
884 1858 919 1896 ἐν
933 1857 1036 1898 κόνει·
1057 1858 1138 1896 eius
1149 1858 1298 1910 generis
1313 1870 1360 1896 ex
1372 1856 1613 1908 Anthologia
1627 1855 1690 1896 so-

419 1914 456 1953 la
472 1913 636 1966 proterri
652 1911 799 1965 poffent
816 1911 989 1965 plurima.
1009 1911 1112 1950 Nihil
1127 1924 1221 1964 ergo
1237 1912 1391 1950 videtur
1411 1910 1658 1950 dubitandum
1674 1940 1689 1957 ‚

418 1969 513 2020 quin
524 1967 570 2005 ad
583 1979 642 2005 res
656 1964 870 2004 inferorum
885 1965 1164 2005 accuratissime
1180 1966 1364 2018 pertineat
1380 1965 1454 2005 hoc
1466 1964 1607 2004 dietum
1619 1995 1629 2011 ,
1645 1965 1689 2005 δι

418 2033 444 2060 a
461 2020 544 2060 vitii
558 2019 767 2073 suspicione
780 2019 843 2058 vel
853 2020 1011 2058 minima
1026 2019 1163 2072 procul
1178 2018 1283 2058 absit.
1299 2017 1476 2058 Erasmus
1489 2017 1592 2067 sane,
1606 2030 1688 2057 non

415 2087 509 2115 raro
519 2073 818 2127 proverbiorum
828 2103 843 2120 ,
860 2085 961 2126 quae
975 2074 1171 2113 veteribus
1183 2074 1315 2125 ignota
1330 2071 1500 2118 fuerant,
1520 2073 1688 2112 archite-

417 2129 519 2176 ἂιις,
531 2128 607 2167 hoc
618 2127 845 2167 emblemate
858 2127 1047 2167 Chiliadas
1059 2126 1144 2166 suas
1159 2127 1348 2174 instruxit,
1366 2127 1492 2167 Omnia
1504 2126 1588 2166 idem
1602 2127 1688 2178 pul-

417 2184 485 2230 vis,
505 2181 614 2221 nullo
631 2193 758 2220 tamen
773 2193 922 2234 praeter
935 2181 1147 2221 Lucianum
1162 2180 1237 2220 alio
1252 2180 1467 2220 fideiuffore
1482 2181 1595 2220 dato:
1615 2192 1687 2221 nec

418 2237 545 2276 minus
561 2236 599 2275 in
617 2235 837 2275 Stromateo
858 2247 1019 2287 magnus
1034 2235 1216 2287 Scaliger,
1233 2235 1373 2274 Πάντα
1389 2235 1463 2285 μία
1479 2234 1574 2274 κόνις
1588 2235 1687 2275 ἐστι’.

417 2290 473 2330 At
487 2289 537 2336 fi,
551 2289 691 2342 quibus
712 2290 964 2329 incommodis
976 2290 1070 2329 haec
1084 2290 1204 2328 verba
1220 2299 1455 2341 premantur,
1473 2287 1688 2328 considera-

415 2345 491 2384 tius
505 2344 754 2389 examinaris,
766 2344 836 2382 alia
851 2343 966 2396 longe
980 2341 1096 2382 facies
1109 2342 1322 2396 apparebit,
1335 2343 1538 2392 multoque
1555 2341 1686 2382 defor-

417 2399 534 2446 mior,
545 2410 661 2450 quam
675 2409 718 2436 ut
731 2397 939 2449 elegantiae
953 2397 1165 2436 Lucianeae
1176 2396 1409 2449 respondeat.
1425 2396 1591 2436 Primum
1609 2409 1686 2447 φα-

413 2451 452 2492 σὶ
465 2462 602 2492 notum
619 2451 868 2504 proverbium
879 2481 892 2497 ,
906 2452 1183 2503 communique
1201 2450 1270 2490 usu
1288 2461 1485 2502 receptum
1498 2481 1509 2498 ‚
1525 2450 1685 2489 demon·

416 2505 522 2547 strat:
546 2506 657 2546 cuius
681 2505 769 2560 quis
784 2505 919 2546 dixerit
934 2505 1055 2546 ullum
1077 2505 1245 2546 inveniri
1266 2504 1469 2558 vestigium
1487 2505 1532 2550 ,in
1544 2505 1682 2545 Πάντα
