1748 3420
144 197 228 242 IN
271 195 712 242 DIALOGOS
766 195 1166 244 MARINos.
1217 199 1304 261 365

103 286 175 323 ead.
188 286 211 322 l.
231 298 290 323 10.
310 285 370 336 Ἐξ
380 286 542 339 ’Ἄργους
556 286 592 325 ἐς
606 285 754 337 Λέρναν)
772 285 947 338 Longum
971 286 1060 326 sane
1074 289 1161 334 iter,
1180 289 1284 340 quod
1294 297 1314 335 ,'

0 339 2 344 “
52 338 109 376 uti
129 350 177 376 ex
198 336 381 377 Pausania
397 338 568 384 constat,
595 339 707 391 (pag.
725 352 792 390 79,
809 353 851 377 21
867 339 883 391 )
905 339 974 378 XL
986 341 1198 379 milliarium
1212 353 1315 381 erat:

49 391 156 442 quod
170 391 229 430 hic
243 391 338 430 ridet
352 392 553 431 Lucianus.
581 392 644 431 De
660 391 802 430 mus.
818 393 868 430 Ἀ.
884 393 1058 438 videant,
1080 394 1217 446 quibus
1239 396 1312 434 hae

51 455 111 482 res
130 444 235 483 cordi
251 443 357 491 sunt,
378 443 628 485 doetiffimum
645 445 708 484 Ez.
723 444 990 497 Spanhemium
1003 447 1049 485 ad
1060 446 1209 486 Callim.
1223 461 1312 501 pag.

54 510 127 549 577
142 496 183 535 δι
198 496 278 550 sqq.
295 498 452 537 SOLAN.

101 553 175 588 ead.
191 551 216 589 l.
234 564 248 589 1
262 565 293 590 1.
317 551 548 600 Πολυὸίψιον
560 550 604 590 s‘e
618 552 658 589 τὸ
669 549 828 603 ''Ap-2105)
844 551 1109 591 Homericum.
1131 554 1309 596 BOURD.

48 602 246 643 Homerus
266 604 370 643 Iliad.
393 605 435 651 ἒ,
459 620 498 644 ν.
522 619 607 656 171.
633 605 733 642 Vide
753 605 805 642 ibi
827 604 990 650 scholia,
1008 618 1109 657 quae
1130 605 1310 658 Didymo

48 656 287 705 tribuuntur,
306 658 372 710 qui
387 657 569 706 ostendit,
592 658 723 708 Argos
737 670 815 696 non
832 657 905 696 effe
917 657 1145 698 fiticulosum
1158 691 1168 707 ‚
1189 660 1229 698 δι
1242 662 1311 700 ali-

48 717 106 748 ter
125 710 200 750 hoc
211 711 441 750 vocabulum
460 711 533 751 effe
548 710 829 763 accipiendum,
848 712 956 750 cuius
972 713 1101 751 varias
1123 713 1309 764 fignifica-

47 763 172 802 tiones
191 774 298 803 notat
311 793 325 810 ‚
350 766 404 804 uti
425 765 463 804 δε
478 765 613 805 Strabo
626 764 689 803 lib.
704 775 785 803 vm
798 792 808 812 ,
833 765 933 804 unde
949 765 1099 804 videtur
1112 766 1173 805 ille
1187 766 1310 807 Scho-

47 815 168 857 liastes
190 816 253 856 sua
273 817 439 857 haufiffe.
465 818 637 859 GRAEv.

104 871 192 922 Pag.
218 884 299 924 ¹05·
322 874 344 909 l.
363 886 393 910 1.
421 869 556 911 Οὐκοῦν
571 869 692 921 ζεῦξον
706 873 750 909 7))
765 867 868 923 &pp-ee
883 870 977 923 &c.)
995 870 1098 910 Male
1116 871 1176 911 hic
1198 873 1309 914 locus

48 921 200 962 habitus
210 924 263 963 est
280 925 320 963 &
333 937 353 962 a
366 925 537 972 librariis,
554 925 594 963 δι
608 925 654 963 ab
666 924 952 976 interpretibus,
967 925 1032 976 qui
1046 924 1095 963 fic
1105 937 1194 964 eum
1208 938 1310 966 tran-

50 974 254 1017 stulerunt:
271 979 419 1017 Proinde
439 995 567 1018 currum
587 979 707 1030 iunge:
733 978 788 1016 ιιι-ί
796 994 842 1016 an
856 979 918 1016 lzoc
931 978 1110 1030 longiorem
1123 980 1220 1018 rebus
1233 996 1309 1019 mo-

48 1044 120 1068 ram
135 1031 256 1070 iniiciet
266 1061 279 1077 ,
293 1031 487 1082 submittere
502 1048 600 1084 equos
619 1033 696 1083 iugo
709 1059 720 1078 ,
738 1031 773 1069 δ’
790 1046 921 1070 currum
934 1033 1126 1083 apparare?
1154 1035 1208 1072 Tu
1224 1049 1304 1073 vero

43 1084 161 1136 potius
172 1086 362 1135 delphinum
373 1087 454 1124 mihi
469 1087 612 1138 aliquem
624 1100 666 1123 ex
681 1085 846 1123 velocibus
857 1084 927 1122 illis
946 1085 1105 1137 hucfiste,
1117 1085 1308 1139 inequitan-

46 1139 90 1175 a'o
101 1139 185 1177 enim
199 1138 252 1176 illi
261 1155 359 1191 quam
374 1140 532 1177 celerrime
538 1140 717 1190 provehar.
733 1137 804 1177 Sed
815 1137 895 1177 dele
909 1138 1220 1191 interrogationis
1234 1154 1309 1181 no-

20 1236 21 1239 *
46 1200 138 1230 tam.
163 1191 341 1231 Affirmat
360 1194 459 1231 enim
476 1193 701 1245 Neptunus,
715 1191 789 1230 hoc
803 1203 953 1231 moram
973 1193 1150 1239 iniicere,
1170 1193 1198 1233 fi
1219 1208 1309 1239 cur-⁴

43 1257 111 1283 rus
132 1245 323 1298 iungatur.
346 1245 449 1285 Dein
467 1247 513 1285 σὺ
534 1246 578 1284 δὲ
596 1245 716 1290 ἀλλὰ,
732 1244 784 1284 est
789 1245 925 1296 fizltem,
939 1257 981 1284 ut
995 1247 1096 1299 apud
1108 1247 1306 1302 Aristoph.

46 1301 178 1344 Νεφελ.
196 1322 238 1328 -
255 1299 300 1339 σὺ
316 1299 353 1338 ‹9'
369 1299 477 1339 ἀλλὰ
490 1298 626 1338 τούτων
641 1298 750 1349 Λεξὸν
762 1313 799 1338 τι
812 1298 884 1337 τῶν
900 1301 1081 1350 νεωτέρων.
1099 1299 1160 1340 Sic
1173 1314 1304 1342 autem

44 1361 177 1391 verte:
202 1353 307 1406 Iunge
327 1354 439 1406 itaque
459 1368 611 1398 currum,
632 1363 695 1390 aut
702 1353 738 1401 fi
757 1354 817 1391 hoc
835 1352 1012 1405 longiorem
1037 1369 1162 1392 moram
1183 1355 1280 1408 affert
1292 1386 1306 1403 ,

44 1405 137 1457 equis
153 1407 314 1459 imponere
327 1408 439 1459 iugum
450 1438 463 1453 ‚
486 1407 520 1445 δ’
532 1422 663 1446 currum
677 1421 840 1458 apparare
851 1437 862 1454 ,
878 1405 998 1457 saltem
1016 1408 1206 1459 delphinum
1220 1411 1303 1448 mihi

45 1459 187 1511 aliquem
210 1475 252 1499 ex
273 1461 438 1500 velocibus
458 1461 526 1499 illis
547 1460 728 1506 adducito,
749 1461 785 1498 in
799 1475 863 1513 quo
884 1461 1037 1512 equitans
1052 1462 1212 1501 celerrime
1220 1478 1303 1516 pro-

42 1514 155 1551 vehar.
180 1512 351 1554 GRAEV.

96 1568 168 1605 ead.
187 1567 212 1606 l.
239 1582 272 1620 3.
298 1567 351 1608 Σὺ
374 1567 419 1606 δὲ
444 1566 574 1618 ἀλλὰ)
599 1566 775 1606 Priorum
800 1567 1113 1620 interpretatione
1136 1569 1301 1621 praestat

43 1618 208 1660 Graevii
223 1620 368 1660 versso:
387 1634 512 1674 neque
524 1632 651 1660 tamen
664 1622 714 1660 ita
728 1621 883 1674 placuit,
893 1622 986 1672 quin
999 1623 1229 1662 emendanda
1241 1625 1301 1663 vi-

45 1673 208 1713 deretur.
234 1674 357 1726 Quod
371 1675 522 1714 monuit
536 1675 581 1714 de
601 1675 648 1714 σὺ
669 1674 713 1713 δὲ
736 1675 866 1722 ἀλλὰ,
883 1674 1050 1713 sumtum
1072 1688 1094 1713 a
1107 1675 1303 1726 Devario;

41 1728 148 1779 quod
167 1738 211 1767 ut
223 1727 322 1767 forte
335 1729 464 1768 locum
477 1729 634 1773 habeat,
649 1741 738 1766 narn
756 1728 861 1767 aliter
883 1728 996 1767 etiam
1013 1730 1095 1781 capi
1117 1730 1241 1781 potest
1259 1732 1302 1771 in.

43 1781 236 1834 Aristoph.
251 1783 347 1821 Neb.
359 1797 398 1822 v.
421 1796 433 1820 1
447 1796 533 1832 372,
546 1782 605 1822 hic
617 1794 719 1822 certe
728 1795 807 1821 non
821 1781 891 1821 fuit
901 1782 1185 1822 admittendum.
1197 1785 1303 1824 Hor-

41 1835 144 1873 tandi
154 1837 211 1874 vis
223 1846 338 1889 atque
351 1837 527 1875 incitandi
540 1837 577 1874 in
591 1835 707 1882 ἀλλὰ,
717 1837 870 1888 quando
881 1835 1124 1888 Imperativis
1142 1851 1303 1891 praepo-

41 1889 163 1934 nitur,
174 1902 356 1941 perquam
371 1889 423 1929 est
438 1889 642 1935 familiaris,
654 1889 747 1928 &in
763 1889 906 1929 Nostro
918 1888 1108 1942 frequens.
1127 1892 1297 1933 HEMs'r.

97 1942 178 1982 ibid⁴
192 1943 374 1995 Δελφῖνοι)
389 1942 639 1982 Philostratus
650 1944 695 1982 de
709 1943 839 1982 eadem
854 1957 894 1983 re
906 1943 1014 1982 aliter
1029 1956 1113 1996 pag.
1126 1959 1204 1995 774
1218 1958 1227 1984 :
1244 1949 1299 1986 ε’ν-

43 1994 166 2034 ‘nawa
181 1995 219 2034 θ’
232 1995 476 2047 ἱππόκαμποι
493 2000 534 2034 τὸ
547 1994 653 2047 ἕιρμα
667 1996 813 2048 ἔφυὲροι
828 1999 900 2036 τὰς
911 1996 1050 2044 ὁπλὰς,
1062 1998 1127 2037 καὶ
1147 2012 1299 2043 revera-q

42 2048 113 2098 κοὶ,
125 2049 189 2088 καὶ
204 2051 381 2103 γλαυκοὶ,
396 2050 462 2089 καὶ
483 2049 519 2090 νὴ
538 2052 611 2089 Δία,
625 2050 697 2089 ὅσοι
713 2050 889 2097 ὃελφῖνες.
918 2050 1076 2104 ξΟιΑΝ.

97 2106 171 2142 ead.
184 2104 206 2142 I.
218 2117 255 2153 7.
271 2098 368 2158 Εὖγε
378 2103 663 2156 ἀπελαύνωμεν)
675 2102 885 2155 Distingue,
898 2106 969 2155 εὑγ
976 2120 1002 2143 ε.
1014 2103 1293 2155 ἀπελαύνωμεν.

41 2158 132 2197 bene.
148 2158 317 2196 abeamus.
334 2158 393 2198 Sic
405 2157 577 2210 superius
593 2170 789 2210 perperam
806 2157 1042 2210 distinguitur
1058 2158 1121 2196 καὶ
1136 2162 1227 2210 πρὸς
1241 2163 1297 2200 τὰ

41 2209 163 2256 ἄλλα,
175 2211 352 2250 omissos:
369 2210 514 2250 ἀόκνους
529 2207 623 2251 εἶναι
639 2209 770 2250 αὐτάς·
791 2212 989 2251 delendum
1001 2212 1103 2250 enim
1121 2225 1293 2254 comma:

41 2263 224 2303 sententia
239 2265 339 2303 enim
360 2264 414 2304 est
424 2295 438 2310 ,
457 2265 605 2304 ὰὸκνους
615 2267 703 2315 πρὸς
716 2268 767 2303 τὰ
780 2277 899 2303 aanor.
919 2265 1025 2305 Leve
1038 2264 1112 2305 hoc
1126 2267 1296 2317 quidem,

43 2316 104 2356 sed
117 2328 244 2357 tamen
254 2319 290 2356 in
306 2319 484 2358 omnibus
496 2319 724 2358 editionibus
737 2318 941 2370 depravate
954 2319 1100 2370 legitur.
1118 2319 1294 2361 GRAEV.

97 2374 170 2409 ead.
184 2372 208 2410 l.
224 2385 259 2423 9.
281 2372 332 2412 Σὺ
346 2371 383 2410 θ’
398 2373 624 2418 ἀποσκόπει,
636 2372 743 2410 ὁπότ’
756 2372 799 2410 ἂν
812 2372 903 2424 &c.)
920 2374 1024 2410 Male
1036 2372 1120 2411 sunt
1134 2375 1295 2426 conglu-¹

43 2424 216 2464 tinata&
238 2425 422 2466 struehlra
445 2427 652 2471 renitente,
674 2426 885 2465 ἀποσκόπει
913 2425 1018 2464 ὁπότ’
1039 2426 1082 2464 ἂν
1103 2433 1228 2476 κιο-δη·
1250 2439 1295 2467 tu

42 2477 231 2532 disiunge:
258 2479 488 2520 ἀποσκόπει·
504 2479 608 2520 ὁπότ’
621 2479 666 2520 ἂν
678 2479 753 2520 &c.
772 2480 837 2522 vel
849 2480 962 2520 etiam
976 2481 1106 2534 potius
1117 2479 1298 2522 intersere
