1748 3420
455 215 546 278 366
645 207 1518 258 ANNOTATIONES

455 301 532 338 ›221¹-
549 299 784 346 ἀποσκόπει,
800 298 864 337 καὶ
886 298 992 337 ὁπότ’
1013 298 1057 338 ἂν
1070 298 1183 347 αἴσθῃ
1200 299 1273 339 &c.
1290 300 1474 352 posterius
1499 301 1713 343 membrum

451 366 502 392 ne
517 354 707 405 integrum
723 351 876 392 efferret
888 353 1104 405 Neptunus,
1114 353 1150 391 in
1166 352 1278 391 causa
1295 353 1365 393 fuit
1381 355 1520 394 Triton
1537 355 1715 409 interpel-

453 407 547 446 lans.
569 407 645 446 hoc
657 406 794 446 scilicet
806 407 868 445 ille
883 406 1079 445 voluerat:
1100 417 1136 444 tu
1154 421 1231 445 vero
1237 408 1428 458 speculator
1439 409 1473 446 δ’
1483 409 1619 460 observa
1629 424 1646 456 ,·
1658 422 1715 447 at-

455 474 517 512 que
529 460 584 499 uhi
593 459 739 512 fianr-is
763 460 857 498 illam
874 462 1073 507 adventare,
1101 475 1140 498 ne
1158 475 1206 498 me
1219 460 1334 513 statim
1352 476 1477 500 monere
1496 463 1715 502 intermittas:

453 513 598 552 interea
612 515 715 552 videt
728 513 872 553 Triton
886 516 1137 564 Amymonen
1151 514 1222 552 iam
1238 527 1359 566 prope
1371 513 1491 554 adesse
1502 545 1515 561 ,
1537 529 1582 555 ac
1595 529 1688 555 mox
1699 526 1717 564 ,·

452 565 531 606 fine
546 579 628 606 non
643 566 860 618 exspectato
872 596 882 613 ‚
894 567 1066 619 Neptuni
1082 566 1291 606 sermonem
1307 568 1506 619 intercipit.
1528 570 1617 608 Hoc
1632 568 1712 610 sae-

453 621 542 673 pius
555 621 592 659 in
609 620 683 659 istis
698 620 855 672 dialogis
868 619 921 659 est
935 619 1091 667 saelum,
1112 622 1150 659 δι
1163 620 1349 659 rationem
1372 622 1543 660 imitatur
1563 635 1716 670 eorum,

453 675 520 726 qui
537 673 758 713 familiarius
781 676 875 712 inter
894 673 930 712 se
949 674 1251 728 collpquuntur3
1274 686 1315 713 ut
1328 674 1648 722 Dia1.X1V,÷m>
1672 676 1714 716 θ’

455 728 612 775 ἀφίκετο
629 728 665 766 ἐς
681 727 747 766 τὴν
763 726 906 773 Λιβύην,
927 726 1005 766 ἔνθα
1019 730 1121 766 ἦσαν·
1145 740 1194 767 eo
1211 728 1247 766 in
1261 727 1350 767 loco
1365 727 1583 780 imperfeRa
1595 729 1717 770 verba

455 781 633 820 Tritonis
655 781 898 833 interrumpit
914 780 1131 833 Ipliianaffa.
1148 780 1394 820 Ἀποο-κοπεῖν
1416 783 1626 836 elonginquo
1635 797 1719 835 pro-

448 835 597 887 sped‘lare
607 834 802 885 observandi
823 833 948 885 cauſsz:
970 833 1076 874 Nost.
1095 839 1135 873 N.
1149 840 1195 873 Δ.
1210 834 1377 884 XXVII,
1400 835 1629 880 ἀποβλέπειν
1695 835 1718 878 ἦ

454 889 522 927 καὶ
537 888 768 927 ἀποσκοπεῖν
779 887 954 940 πὸῥρωθεν
975 887 1060 927 τοὺς
1076 888 1364 938 ἀφικνουμὲπυς.
1381 888 1564 940 Polyaen.
1577 852 1693 938 IVJg
1703 921 1716 936 ‚

458 942 475 991 ᾗ
489 956 528 995 9,
542 942 721 993 διέτριβεν
736 941 964 980 ἀποσκοπῶν
975 942 1036 980 τὴν
1049 940 1114 980 τοῦ
1125 942 1322 994 πελάγους
1335 943 1482 982 κίνησιν·
1493 943 1605 982 etiam
1618 974 1628 990 ‚
1643 960 1719 983 ma-

456 1011 538 1035 num
553 995 751 1046 adstantem
764 997 941 1038 chtendere,
955 1007 998 1033 ut
1010 995 1157 1034 acutius
1170 996 1206 1033 in
1224 995 1479 1048 longinquum
1495 995 1720 1050 prospicias,

457 1062 529 1088 nec
543 1050 665 1088 multo
682 1049 824 1087 lumine
838 1047 1183 1101 offundaris‚quem
1198 1050 1306 1100 visum
1321 1051 1508 1088 umbrarum
1524 1050 1717 1103 eleganter

458 1103 553 1141 dixit
563 1102 624 1141 Sil.
635 1102 715 1140 Ital.
730 1101 836 1147 XIII,
847 1116 932 1155 342.
950 1102 1049 1141 Vide
1063 1101 1131 1141 los.
1143 1102 1372 1155 Scaligerum
1387 1104 1431 1142 ad
1443 1103 1563 1156 Priap.
1577 1118 1612 1156 p.
1628 1117 1719 1157 195,

460 1155 638 1195 &iisdem
655 1167 828 1194 veterum
843 1155 952 1200 locis,
968 1168 1037 1194 nec
1052 1155 1409 1207 pluribus‚addu6tis
1429 1157 1616 1209 ingratum
1631 1159 1719 1199 eius

456 1207 768 1262 reprehensorem
781 1207 1006 1247 Salmafium
1022 1210 1066 1248 ad
1078 1209 1105 1247 F
1109 1209 1347 1261 laV.Vopisc.
1366 1224 1400 1262 p.
1421 1223 1505 1262 500.
1530 1211 1691 1251 HEMs'r.

512 1265 585 1300 cad.
596 1263 618 1301 l.
633 1276 647 1300 1
661 1276 691 1314 5.
703 1261 902 1315 Αἰγύπτου
914 1260 980 1300 τοῦ
989 1263 1046 1315 3.)
1060 1262 1217 1302 Danaus
1229 1262 1380 1302 fratrem
1392 1261 1540 1316 fugiens
1550 1265 1588 1303 in
1602 1264 1720 1306 Grae-

458 1316 555 1355 ciam
575 1315 775 1369 appulerat
798 1317 911 1362 navi,
938 1328 1036 1367 quae
1059 1317 1180 1368 prima
1196 1317 1247 1355 ibi
1264 1316 1465 1370 conspefia
1479 1316 1543 1356 est.
1568 1318 1721 1371 Hygin.

460 1384 550 1418 277.
567 1369 657 1408 Plin.
672 1370 706 1408 V
714 1369 761 1415 ΙΙ,
777 1371 838 1417 46.
857 1369 1021 1408 Ratibus
1039 1371 1137 1409 enim
1161 1383 1272 1426 antea
1283 1370 1371 1410 solis
1384 1371 1602 1412 utebantur.
1618 1373 1719 1413 Vide

457 1424 599 1462 Marm.
617 1422 696 1462 Ox.
713 1437 747 1475 p.
764 1436 853 1475 157,
870 1423 909 1462 &
925 1422 1021 1462 Baif.
1036 1437 1072 1476 p.
1090 1438 1101 1461 1
1116 1437 1146 1462 ι.
1167 1423 1325 1463 SOLAN.

513 1478 603 1529 Pag.
626 1476 710 1515 106.
726 1477 748 1514 l.
765 1493 802 1524 4·
826 1473 1067 1516 Ov'sfsvsswbv
1079 1477 1215 1530 πάθῃς)
1236 1479 1314 1517 Vix
1331 1490 1391 1517 me
1402 1477 1599 1526 continui,
1622 1478 1720 1531 quin

458 1543 507 1569 ex
524 1532 576 1569 Fl.
591 1542 815 1569 revocarem
830 1530 894 1578 μή·
915 1530 965 1570 sic
985 1531 1084 1569 enim
1104 1530 1245 1580 solent,
1267 1532 1379 1571 etiam
1393 1530 1532 1571 Noster
1547 1532 1586 1570 in
1597 1531 1720 1577 Ἀνοιβ.

458 1588 478 1633 ς
497 1599 510 1622 1
520 1586 558 1630 6,
572 1584 761 1637 ῧαῤῥεῑτε·
775 1579 880 1622 οὐδὲν
893 1579 930 1622 οὗ
938 1584 989 1633 μὲι
1010 1585 1165 1637 γένηται
1179 1582 1318 1624 ἄδικον·
1339 1584 1439 1625 unde
1452 1584 1561 1624 simul
1575 1585 1695 1638 liquet
1705 1616 1720 1633 ‚

458 1639 616 1677 minime
631 1650 734 1690 opus
749 1636 822 1676 effe
836 1637 905 1677 isto
919 1637 1061 1677 πάθοις.
1073 1636 1298 1686 Ἀνοιὲοὖναιι,
1312 1638 1453 1678 ἀνεῖναι
1466 1638 1612 1690 πηγὴν,
1624 1636 1722 1678 {53⁸oe-

457 1706 528 1737 τα,
539 1704 638 1744 quae
651 1693 775 1730 itidem
789 1692 966 1730 dicuntur
978 1690 1207 1740 ἀναθοθιῖναι,
1217 1705 1274 1737 ιιι,
1286 1693 1320 1732 ἐν
1333 1692 1487 1741 Σικελίᾳ
1499 1692 1620 1741 φασὶν
1631 1693 1723 1732 ἀνα,-

458 1744 604 1785 έχοθιῖναι
621 1745 673 1792 τῷ
687 1744 920 1795 Ἠρακλεῖτὲι
929 1747 1050 1796 Ξτερμὲι
1062 1745 1217 1798 λοῦτρα,
1230 1745 1319 1786 usus
1334 1745 1421 1785 sunt
1437 1744 1608 1785 tritiffimi
1622 1762 1631 1786 ε
1645 1746 1723 1786 Lu-

458 1800 556 1838 cian.
577 1805 622 1838 Δ.
646 1804 689 1837 Θ.
716 1798 826 1845 XIV,
843 1797 920 1837 ἀπὸ
948 1797 1013 1838 τοῦ
1035 1796 1200 1850 αἵματος
1216 1799 1316 1839 ἄνθος
1337 1797 1540 1839 ἀναέοῦνοιι
1558 1799 1625 1839 τὴν
1644 1799 1720 1852 ‘yfir

458 1853 629 1891 ἐποίησα·
642 1865 757 1905 quem
778 1852 906 1891 locum
917 1851 945 1890 si
961 1853 1008 1891 ad
1027 1852 1143 1899 hunc,
1155 1853 1220 1906 qui
1235 1866 1324 1906 prae
1335 1853 1512 1892 manibus
1523 1852 1590 1902 est,
1611 1866 1721 1893 com-

459 1917 606 1959 ponas,
621 1905 702 1944 fieri
721 1918 800 1945 non
815 1905 938 1958 potest
949 1936 961 1953 ‚
979 1907 1070 1959 quin
1088 1905 1298 1958 suspeeium
1321 1906 1364 1946 sit
1384 1907 1494 1946 ἐάσω·
1507 1906 1624 1960 longe
1637 1919 1721 1947 cer-

458 1970 498 1998 te
512 1960 752 1999 commodius
772 1961 844 1998 erit
864 1958 1022 2007 ποιήσω,
1036 1959 1256 2020 praesertim
1277 1961 1367 2013 quia
1387 1959 1569 2013 sequitur,
1586 1960 1722 2000 πατά-

463 2013 536 2065 ξας
549 2012 596 2061 τῇ
615 2013 746 2066 τριαίνῃ
761 2012 827 2052 τὴν
838 2014 993 2065 πέτραν·
1013 2014 1073 2064 {qiu
1087 2013 1232 2067 saepius
1248 2015 1349 2067 apud
1365 2014 1562 2060 Nostrum,
1582 2013 1644 2053 sed
1664 2014 1721 2053 di-

459 2067 568 2107 versa
583 2068 746 2106 virtute:
765 2066 899 2107 ἒκὸντει
918 2067 1061 2107 ἐάσαιτε
1073 2067 1181 2119 ῥίψαι
1194 2067 1366 2118 ἐμαυτόν·
1377 2067 1502 2107 ἐκεῖνον
1517 2066 1578 2118 ζῆν
1596 2067 1719 2108 ἔασον·

459 2119 565 2161 ἔασον
589 2121 640 2171 μὲ
663 2120 771 2173 ἔχειν
793 2121 868 2160 &c.
892 2120 955 2160 De
968 2121 1196 2173 Amymone
1218 2122 1338 2161 multa
1357 2121 1506 2160 tradidit
1517 2121 1617 2161 ΕΖΒ
1645 2133 1720 2161 an·
1747 2133 1748 2144 ¹

459 2174 559 2213 hem.
580 2175 625 2213 ad
642 2174 793 2214 Callim.
813 2175 863 2214 H.
893 2174 939 2214 de
963 2173 1051 2214 Pall.
1074 2175 1167 2214 Lav.
1189 2188 1230 2215 v.
1254 2175 1319 2224 48.
1345 2175 1433 2215 vide
1450 2175 1598 2228 Hygin.
1655 2176 1720 2216 ab.-
1747 2178 1748 2187 ¹

459 2227 638 2273 CLXIX,
662 2229 702 2269 δι
716 2229 793 2268 Th.
814 2228 1017 2268 Muncker.
1046 2229 1210 2269 HEMST.

515 2282 594 2321 ibid.
613 2282 769 2336 Πάθοις)
794 2281 851 2321 Ita
877 2282 976 2335 lego.
991 2282 1183 2335 Vulgatae
1204 2281 1286 2323 edd.
1299 2281 1430 2332 πάθῃς.
1453 2281 1571 2333 Η.μῆ
1582 2281 1720 2335 πάθῃς

457 2334 617 2375 SOLAN.

529 2390 608 2428 ibid.
637 2388 773 2441 Πηγῆν
793 2389 1004 2443 ἐπώνυμον)
1032 2389 1094 2429 Est
1120 2389 1348 2442 Amymone
1374 2388 1462 2429 fons
1493 2389 1600 2429 iuxta
1628 2389 1720 2429 Ler-

461 2454 548 2482 nam
561 2473 572 2490 ,
596 2443 644 2481 ab
664 2444 893 2495 Amymone
917 2443 1046 2483 Danai
1067 2443 1143 2482 filia
1167 2456 1312 2483 nomen
1331 2443 1494 2492 habens,
1514 2444 1624 2483 cuius
1640 2456 1722 2483 me·

461 2497 654 2538 minerunt
678 2496 821 2538 Plinius
831 2496 904 2547 IV,
928 2511 960 2538 c.
980 2511 1024 2552 ς,
1045 2498 1087 2538 &
1106 2497 1245 2539 Strabo
1260 2498 1326 2539 lib.
1340 2497 1448 2538 VIII.
1466 2497 1611 2538 COGN.
1626 2496 1719 2539 vid.
