1748 3420
142 209 224 254 IN
260 208 656 256 DIALOGOS
695 210 1220 259 MORTUORUM.
1254 228 1343 277 403

42 344 43 347 Ἴ
76 295 149 346 μία,
163 294 246 347 ἧμῖν
264 297 383 346 κόνις;
403 311 482 337 non
505 300 614 339 iuvat
628 298 719 338 illud
735 299 865 339 incerti
880 303 1018 352 poetae
1031 301 1192 340 Anthol.
1210 301 1246 349 Ι,
1265 309 1350 355 cap.'

79 350 195 396 XIII,
210 351 278 403 Ep.
298 365 357 400 14,
385 353 522 391 Πέιντοι
537 353 675 405 γέλως,
691 353 758 390 καὶ
782 353 914 392 πάντα.
927 354 1035 398 κόνις,
1058 356 1123 392 καὶ
1147 354 1280 394 πάντα,
1300 358 1346 394 τὸ

30 450 33 454 ’
74 403 211 453 μηθὲν,
225 403 292 443 nist
303 405 390 456 quis
400 405 509 444 simul
521 406 683 445 eundem
695 406 731 444 in
744 405 898 445 censum
914 407 1110 446 referenda
1123 418 1232 459 putet
1245 408 1349 448 Πάν-

79 469 134 495 τοι
146 457 287 508 γέλως,
299 459 341 497 &
356 459 494 498 Πέιντιι
507 462 550 497 τὸ
565 458 701 508 μηθὲν,
712 472 811 512 quae
826 471 867 498 ut
884 460 1166 512 proverbialem
1178 461 1346 502 formam

32 519 34 522 ’
76 508 234 550 induere
253 511 357 563 poffe
380 513 589 551 concedam
601 543 610 560 ,
634 513 842 564 proverbia
861 524 989 552 tamen
1007 513 1080 553 effe
1094 515 1344 555 vehementer

77 575 201 615 nego:
218 566 325 617 quod
340 576 469 604 autem
487 579 558 618 pro
571 567 668 616 φασὶ
683 579 730 605 ex
742 565 787 605 C.
804 567 926 619 Long.
942 567 1139 619 profertur
1154 568 1238 615 elo-l,
1251 569 1345 608 nihil

75 615 151 656 effe
171 617 271 658 aliud
290 619 475 663 arbitror,
498 633 613 672 quam
636 618 897 659 coniec‘turam
924 619 1139 666 sentientis,
1163 621 1346 673 vulgatae

75 669 232 710 lectioni
254 684 498 724 nequaquam
514 674 727 712 convenire
743 673 855 722 φασί.
881 673 1030 713 Deinde
1048 672 1231 726 quorsum
1251 676 1342 715 illud

75 720 162 772 ἧμῒν
178 736 254 764 tam
268 726 395 778 inepte
408 726 644 765 interiectum
658 728 671 766 ἓ
689 727 794 779 quod
807 726 834 765 fi
855 728 940 780 quis
952 727 1104 766 obiiciat
1120 727 1341 768 familiarem

75 776 259 818 eiusmodi
274 780 492 819 dativorum
505 810 517 826 ,
533 780 600 832 qui
615 780 811 819 ornandae
829 781 998 820 orationi
1012 781 1200 829 serviant,
1216 781 1342 829 usum,

75 840 192 884 atque
211 833 324 872 etiam
343 833 610 886 exemplorum
625 835 738 886 copia
751 845 916 886 pugnet,
936 835 1166 879 humaniter,
1180 834 1339 886 quaeso,

75 884 193 934 ferat,
209 886 298 925 nihil
314 900 403 926 eum
416 899 488 926 nos
501 887 653 926 morari.
676 887 825 926 Addam
838 917 848 934 ‚
863 888 970 940 quod
989 901 1037 927 an
1054 887 1134 926 aliis
1148 887 1214 926 slm
1230 887 1343 928 facile

76 938 350 991 persuasurus,
368 940 470 979 haud
488 939 587 987 scio,
614 941 705 979 mihi
726 954 805 981 non
818 942 941 980 videri
963 942 1058 980 inter
1072 940 1108 981 se
1124 954 1342 993 congruere

75 993 255 1045 copulata
266 994 341 1043 μίοι
356 993 461 1032 κόνις·
483 993 568 1033 satis
581 1004 678 1040 erat,
697 994 792 1033 κόνις
804 995 950 1034 πάντα·
973 1008 1091 1049 quam
1109 1007 1238 1034 autem
1256 995 1343 1034 lon-

75 1058 123 1098 ge
136 1047 370 1093 diffentiant,
389 1060 515 1100 neque
533 1049 572 1086 in
587 1048 683 1088 idem
699 1048 777 1088 hoc
797 1048 984 1088 orationis
999 1049 1214 1088 membrum
1236 1050 1343 1089 coire

75 1099 217 1153 poffint
227 1102 300 1151 μία
316 1101 425 1148 κόνις,
441 1103 482 1141 δι
501 1104 629 1152 κρανία,
641 1105 773 1154 γυμνὰ
784 1099 849 1141 τοῦ
864 1101 1044 1151 κάλλους,
1057 1116 1173 1142 nemo
1190 1103 1261 1142 erit
1279 1115 1343 1142 at-

74 1156 218 1194 tentior
232 1155 368 1207 paulo,
381 1155 474 1207 quin
489 1154 609 1194 statim
625 1156 908 1196 animadvertat.
928 1157 1044 1196 Nunc
1061 1156 1088 1195 st
1103 1156 1342 1197 difficultates

75 1220 140 1248 eas
158 1208 268 1248 simul
283 1222 420 1248 omnes
442 1209 593 1255 levem,
618 1209 803 1263 vetusque
829 1211 1004 1263 adagium
1026 1210 1116 1250 huic
1139 1210 1230 1250 loco
1253 1223 1343 1263 per-

75 1263 324 1302 commodum
338 1264 551 1302 mutatione
563 1262 739 1303 facillima
757 1264 950 1312 reducam,
961 1265 1184 1303 nonnullam
1199 1271 1303 1303 cert‘e
1319 1278 1343 1304 a

76 1316 262 1365 Luciano,
275 1316 430 1369 eiusque
444 1317 652 1357 venustatis
664 1317 836 1357 studiosis
857 1319 1014 1371 gratiam
1028 1319 1143 1357 inibo.
1164 1318 1342 1358 Scriben-

75 1370 166 1409 dum
180 1371 323 1423 itaque,
338 1370 469 1410 πάντα
480 1371 553 1420 μίοι
565 1370 739 1417 Μύκονος,
751 1371 867 1422 φασὶ,
883 1372 1011 1424 κρανία
1027 1375 1158 1424 ’γυμνὰ
1167 1370 1234 1411 τοῦ
1245 1373 1341 1411 κάλ-

75 1435 175 1471 λους,
190 1425 227 1463 in
240 1425 380 1478 quibus
395 1425 487 1463 nihil
500 1424 566 1473 est,
577 1425 684 1478 quod
704 1425 817 1465 ullam
836 1426 873 1464 in
889 1438 1034 1478 partem
1047 1424 1228 1465 offendat.
1250 1426 1341 1465 Pro-

76 1478 202 1518 verbii
221 1478 385 1531 potestas
405 1478 604 1531 explorata
621 1479 890 1532 comple-{iitur
903 1493 967 1519 eas
988 1492 1067 1527 res,
1090 1493 1189 1532 quae
1205 1479 1342 1520 diversi

75 1533 224 1584 generis
238 1545 354 1586 atque
373 1533 516 1572 ordinis
534 1532 611 1571 fine
633 1533 713 1572 ullo
728 1532 943 1572 discrimine
962 1534 1124 1573 eundem
1147 1536 1185 1572 in
1206 1534 1341 1573 locum

76 1586 118 1625 δι
135 1586 392 1627 conditionem
411 1598 616 1639 coguntur.
641 1587 828 1626 Plutarch.
842 1586 1032 1640 SympI,
1052 1602 1089 1640 p.
1106 1588 1237 1626 616B.
1257 1588 1341 1638 περὶ

75 1639 123 1680 δὲ
147 1643 217 1679 τὰς
237 1640 487 1681 κατακλίσεις
508 1639 728 1693 παρόψεται
744 1642 818 1679 τὰς
839 1640 1040 1692 stampas,
1065 1638 1163 1680 εὐθὺς
1183 1641 1218 1679 ἐν
1234 1639 1341 1693 ἀρχῇ

75 1694 142 1734 τὴν
157 1706 232 1746 hey
240 1695 364 1744 σμένην
374 1695 467 1744 μίαν
485 1693 639 1733 Μύκονον
655 1693 849 1745 ἀποφήνας
863 1697 904 1732 τὶ)
920 1695 1145 1745 συμπόσιον·
1170 1707 1259 1733 cum
1272 1694 1343 1733 sci-

74 1747 163 1788 licet
186 1748 402 1800 promiscue
421 1748 614 1788 convivae
635 1748 744 1788 nullo
769 1749 957 1800 dignitatis
979 1748 1132 1788 servato
1156 1749 1275 1800 gradu
1294 1747 1343 1788 ad

77 1801 244 1842 mensam
261 1803 488 1842 accumbere
501 1802 694 1842 iubentur.
716 1802 895 1842 Similiter
909 1801 1088 1842 Clemens
1106 1802 1232 1855 posuit
1245 1803 1285 1840 in
1300 1814 1343 1842 re

76 1856 245 1896 multum
258 1855 376 1896 diffita
389 1856 460 1896 Str.
471 1856 502 1904 I,
515 1870 551 1908 p.
563 1871 581 1909 3
592 1871 608 1908 5
620 1869 635 1908 ς
651 1855 697 1896 C.
710 1854 748 1895 οὗ
761 1858 840 1908 ’γὰρ
853 1856 898 1894 Σῗι
911 1856 982 1905 μία,
994 1856 1162 1895 Μύκωνος
1177 1856 1246 1907 (ita
1260 1854 1344 1895 scri-

78 1922 189 1964 ptum
205 1910 257 1950 est
275 1924 342 1963 per
361 1926 406 1958 ω,
426 1921 470 1950 ut
491 1911 575 1949 aliis
591 1911 630 1949 in
651 1910 747 1950 locis
768 1909 1062 1963 saepenumero)
1088 1908 1105 1950 ἦ
1121 1911 1236 1948 πᾶσα.
1251 1912 1343 1960 πρὸς

77 1964 197 2004 νὸησιν
211 1962 349 2019 γραφή.
373 1964 614 2004 Eruditiffimi
633 1964 792 2003 Patrum
815 1977 921 2003 mens
941 1963 993 2004 est
1010 1963 1115 2009 talis,
1139 1963 1340 2003 Sacrarum

76 2018 274 2058 literarum
289 2018 589 2071 explicationem
602 2018 642 2057 &
656 2017 780 2057 sensus
794 2031 873 2057 non
886 2017 1064 2057 omnibus
1077 2015 1151 2056 effe
1167 2017 1245 2069 pari
1261 2029 1345 2055 mo-

78 2073 131 2112 do
153 2073 489 2118 accommodatos,
512 2072 624 2111 velut
649 2072 815 2124 aliquem
841 2070 1022 2111 confusae
1047 2071 1239 2110 mixturae
1262 2071 1345 2110 cin-

78 2139 196 2174 num3
221 2125 282 2166 sed
306 2127 401 2166 alios
426 2126 649 2165 Christianis
672 2124 878 2165 infantibus
897 2125 936 2164 ἃ
960 2125 1056 2164 Ιειξὶε
1077 2123 1347 2172 sustentandis,

80 2180 175 2220 alios
197 2181 411 2220 convenire
426 2181 518 2219 viris
536 2193 581 2219 ac
594 2178 808 2219 robustiore
823 2180 912 2219 cibo
932 2178 1091 2218 firmatis
1102 2193 1114 2227 3
1136 2190 1254 2231 quare
1273 2178 1343 2217 ho-

81 2235 193 2275 minis
204 2233 278 2273 effe
291 2234 446 2286 perfefft
459 2236 511 2272 τὰ
523 2232 687 2272 τοιαῦτα,
699 2233 890 2284 ἓιοικρίνειν
905 2247 950 2271 τε
964 2235 1027 2274 καὶ
1042 2232 1224 2284 ἐκλέγειν,
1237 2231 1346 2283 quod

79 2302 153 2341 pro
163 2288 324 2340 vulgato
337 2292 466 2340 λέγειν
484 2287 750 2341 reponendum
767 2288 880 2327 duco.
895 2286 1128 2326 Themistius
1142 2285 1213 2326 Or.
1227 2285 1320 2324 XXI
1334 2313 1346 2332 ,

81 2356 118 2394 p.
132 2358 153 2382 2
163 2355 209 2394 50
224 2342 273 2382 C.
285 2341 441 2381 ἀκούετε
455 2334 511 2380 οὖν
524 2340 589 2380 τοῦ
610 2341 797 2391 νομοθέτου
808 2341 1052 2392 ἓιοριζομένου
1070 2342 1123 2378 τὰ
1135 2337 1347 2396 (affluam

82 2395 279 2448 (Platonis
293 2426 305 2442 ,
330 2396 440 2435 cuius
457 2396 575 2434 verba
598 2395 840 2448 protulerat)
860 2391 914 2440 δι’
937 2396 1104 2446 ἐραστὰς
1123 2393 1244 2446 χρεὼν
1256 2397 1348 2432 εἶναι

82 2449 170 2490 τοὺς
185 2449 426 2500 φιλοσόφους,
449 2450 513 2488 καὶ
531 2450 581 2499 μὴ
601 2447 897 2501 ξυγχωροῦντας
910 2449 1081 2501 συγχεῖν
1092 2447 1193 2498 μηδὲ
1211 2447 1352 2497 ξυμφε-

85 2517 156 2557 pm
170 2500 328 2545 ‘c'cmwm
343 2502 466 2557 ὥσπερ
484 2503 533 2545 εἰς
547 2502 705 2545 Μύκονον
713 2503 818 2556 μίαν·
838 2516 918 2544 non
934 2511 1084 2596 pergrat
1097 2501 1233 2542 clarius
1248 2499 1354 2542 exhi-
