1748 3420
105 207 185 252 IN
223 198 620 252 DIALoGos
659 205 1183 254 MORTUORUM.
1217 211 1308 274 465

0 294 7 323 ²
38 292 83 336 Et
93 294 202 335 facile
215 307 263 334 ex
276 294 389 334 vultu
403 304 606 347 appareat,
629 307 717 334 eum
734 294 895 334 libidinis
907 294 1062 336 stimulis
1075 298 1263 349 agitatum
1278 299 1316 339 id

0 337 8 376 ¹
27 347 181 390 facere.
202 348 344 388 Forsan
361 350 414 387 ita
426 350 527 388 hunc
539 349 670 387 locum
684 350 784 400 cepit
793 351 1158 402 quoqueBrodaeus
1169 352 1223 391 IX
1240 354 1316 393 Mi-

0 404 6 428 5
37 402 136 442 scell.
149 415 232 455 cap.
255 416 312 454 13,
324 404 414 454 quia
428 402 502 454 legi
515 401 612 447 vult,
627 401 678 440 εἰς
700 401 727 440 ἃ.
738 402 791 452 μὴ
806 408 915 451 &elan
930 402 1074 454 ὁρῶντα.
1088 405 1144 443 At
1155 405 1245 445 illud
1260 408 1315 447 εἰς

0 473 5 492 ι
38 454 340 496 commodiffime
357 455 568 500 subaudiri,
589 464 692 508 patet
706 468 755 494 ex
770 456 833 501 iis,
848 468 947 507 quae
964 458 1174 498 attulimus.
1199 459 1313 512 Quin

0 512 4 535 ⁵
37 509 174 548 iteruin
190 507 268 561 ὃρᾷν
286 522 358 561 pro
367 521 496 560 petere,
511 509 691 547 incumbere
700 509 736 547 in
749 509 898 560 aliquid,
913 512 1065 562 reperio
1079 511 1244 563 positum
1262 517 1312 554 ab

0 565 3 587 ³
39 563 211 603 Luciano
232 575 304 614 pro
318 563 551 616 Imaginibus
564 574 599 601 c.
619 561 684 600 18:
712 563 831 600 Ἀλλὰ
843 562 954 601 τοῦτο
973 565 1078 614 μόνον
1093 565 1311 617 ἐξάιποιντος

0 618 3 634 ’
36 615 100 668 ὁρᾷ
121 615 156 668 (ὁ
169 616 365 668 Ἕποιινος)
380 618 480 654 ὅπως
493 614 847 666 ὑπερθαυμάσεται,
867 616 933 654 καὶ
946 616 1108 666 ζηλωτὸν
1125 620 1316 668 ἀποφανεῖ

0 671 3 688 '
35 669 100 710 που
117 668 390 720 ἐπαινούμενον.
412 669 596 716 Dixerat,
616 669 874 708 laudationem
892 682 972 708 rein
985 669 1059 710 effe
1074 671 1229 711 liberam
1243 704 1252 721 ,
1268 675 1310 715 δι

0 732 4 741 “
36 723 396 764 arbitriolaudantis
406 722 636 775 permissam,
646 735 773 774 neque
787 723 958 762 terminis
973 724 1308 778 circumscriptam.

0 785 2 795 '
35 778 106 815 Sed
112 777 147 814 in
159 777 198 815 id
208 777 376 827 inprimis,
388 777 525 828 inquit,
537 792 576 814 ea
586 777 759 824 incumbit,
770 779 934 828 quomodo
947 779 1103 817 nimirum
1113 781 1309 821 admiratio·

0 839 3 847 '
34 829 269 882 uemsuamfit
280 832 424 869 maxime
434 829 628 881 extensum,
643 845 794 882 eumque,
811 830 869 882 qui
881 831 1059 877 laudatur,
1076 833 1307 875 admirabilem

0 902 2 911 ·
33 886 216 926 redditura.
240 884 346 922 IENS.

0 960 1 966 κ
87 942 162 976 ead.
179 938 202 975 l.
220 950 278 990 13,
301 936 371 975 Τοῦ
383 937 566 987 πυθμένος
577 935 732 988 στέγειν
747 932 783 975 οὗ
801 935 1027 989 somnino)
1050 938 1142 978 Nori
1157 939 1306 982 dubites

0 1010 1 1016 ¹
31 989 136 1037 fere,
159 991 251 1044 quin
279 991 377 1030 lianc
398 991 554 1029 Luciani
576 991 852 1042 cogitationem
870 992 1085 1043 pepererint
1101 993 1306 1047 Euripidae

31 1044 166 1084 versus
176 1044 277 1097 apud
288 1044 478 1084 Plutarch.
492 1044 573 1095 περὶ
590 1044 799 1095 'Adonea-x.
814 1058 849 1095 p.
871 1057 942 1094 502
955 1043 1001 1083 C.
1017 1043 1098 1084 Οὖιι
1111 1047 1155 1086 ἂν
1167 1047 1305 1087 :Pumi-

28 1112 103 1151 μην
113 1099 166 1148 μὴ
188 1101 387 1150 στέγοντα.
401 1099 630 1149 πιμπλάναι
644 1098 782 1146 Σοφοὺς
796 1097 995 1138 ἐπαντλῶν
1007 1098 1114 1151 ἀνδρὶ
1130 1101 1185 1151 μὴ
1201 1103 1302 1153 σοφῷ

31 1152 181 1206 Λόγους.
205 1153 370 1191 HEMST.

85 1208 160 1244 ead.
175 1206 200 1244 l.
219 1206 275 1245 16.
288 1203 437 1245 ’osofica
453 1204 519 1243 nx}
533 1203 650 1255 >όνυξι)
664 1204 719 1244 Ut
734 1203 853 1243 solent
869 1215 1021 1244 utentes
1031 1207 1144 1246 armis
1156 1221 1178 1247 a
1191 1221 1304 1250 natu-

29 1255 73 1300 ra
86 1260 182 1298 datis
198 1258 300 1298 ferae
312 1259 469 1306 bestiae,
492 1271 512 1297 a
526 1260 667 1311 quibus
684 1260 798 1311 origo
817 1260 1015 1311 proverbii
1033 1264 1220 1302 manavit.
1242 1266 1302 1305 Eo

30 1314 157 1354 minus
175 1314 212 1352 in
227 1313 359 1353 Tullio
370 1343 379 1359 ‚
405 1314 487 1352 Toto
500 1326 634 1365 corpore
648 1325 749 1365 atque
764 1314 916 1351 omnibus
931 1314 1069 1365 ungulis
1081 1344 1094 1359 ,
1112 1329 1151 1353 ut
1163 1318 1303 1365 dicitur,

27 1367 230 1409 contentioni
247 1368 340 1406 vocis
353 1367 554 1420 affinium,
575 1365 690 1406 Tusc.
711 1365 891 1418 Disp.11‚
914 1381 985 1419 23,
1012 1371 1301 1414 mutaverimin

29 1422 235 1474 unguiculis.
248 1423 423 1473 Uterque
436 1421 545 1460 locus
555 1421 757 1460 Ciceronis
768 1423 810 1460 &
825 1421 982 1460 Luciani
997 1433 1076 1461 non
1088 1421 1187 1475 fugit
1197 1425 1303 1465 Eras-

31 1489 140 1515 mum
153 1476 191 1514 in
203 1474 304 1514 Chil.
324 1477 487 1514 Hizivisr.

83 1530 174 1583 Pag.
194 1542 278 1579 170.
294 1530 318 1569 l.
333 1526 551 1581 2.''H²5]oua·e)
568 1526 632 1567 De
644 1524 766 1580 ἕξουσι
779 1527 1013 1580 cogitabam,
1026 1541 1118 1569 cum
1133 1532 1302 1573 animad-

28 1584 128 1624 verti
144 1584 241 1623 stare
254 1583 304 1622 sic
319 1583 423 1636 poss'e
434 1613 443 1629 ,
457 1592 500 1621 ut
514 1584 555 1621 &
570 1581 675 1620 Dial.
689 1582 835 1621 XXVI.
855 1582 1015 1621 SOLAN.

81 1640 153 1676 ead.
163 1638 186 1676 l.
198 1651 235 1689 9.
248 1638 332 1687 Ἐμὲ
343 1636 410 1676 θεῖ
418 1634 706 1688 προκεκρῖσῧοιι)
721 1635 784 1675 De
795 1635 942 1675 summa
960 1639 1204 1688 imperatoris
1215 1639 1298 1680 lau-

25 1691 75 1730 de
94 1692 286 1731 Lucianus
310 1691 372 1731 hic
389 1691 643 1729 Hannibalem
659 1702 748 1729 cum
762 1690 988 1728 Alexandro
1003 1693 1298 1735 contendentem

24 1744 196 1794 inducit;
215 1745 280 1798 qui
297 1744 398 1798 apud
418 1745 570 1783 Livium
585 1744 884 1796 Appianumque
897 1756 918 1781 a
933 1743 1108 1796 Scipione
1120 1759 1299 1799 rogatus,

24 1813 143 1853 quem
155 1799 364 1839 maximum
376 1798 552 1838 omnium
568 1798 862 1850 imperatorum,
874 1798 939 1850 qui
951 1811 1121 1851 unquam
1133 1799 1299 1852 fuiffent,

24 1853 212 1902 crederet,
224 1853 488 1892 Alexandrum
499 1853 686 1903 Magnum
701 1852 909 1890 nominalle
919 1854 1099 1900 traditur3
1113 1854 1202 1894 huic
1215 1870 1298 1908 pro-

24 1907 102 1947 xim
109 1920 174 1948 um
183 1907 376 1959 Pyrrhum
387 1921 398 1954 ·‚
412 1906 447 1946 se
458 1907 628 1953 tertium,
641 1908 681 1944 ὅ(
696 1904 722 1943 si
732 1906 951 1957 Scipionem
962 1905 1119 1956 viciffet,
1128 1911 1296 1960 primum

26 1960 64 2001 se
82 1961 387 2002 existimaturum
404 1959 524 1999 fuisse.
539 1960 637 1999 Vide
654 1959 808 1998 Livium
824 1960 994 2004 XXXV.
1016 1973 1048 1999 c.
1067 1975 1111 2008 ¹4
1123 1993 1135 2010 ‚
1159 1963 1199 2002 &
1214 1965 1297 2017 Ap..

53 2016 128 2054 ian.
142 2016 179 2055 in
192 2015 281 2066 Syr.
305 2015 463 2054 SOLAN.
482 2015 540 2053 Ex
552 2013 707 2052 historia
722 2013 934 2065 colloquii,
954 2014 1062 2066 quod
1078 2015 1215 2067 Ephesi
1228 2018 1297 2056 ha-

24 2028 147 2109 bitum
161 2082 183 2108 a
195 2068 375 2122 Scipione
390 2068 577 2108 Africano
591 2067 634 2106 &
647 2067 862 2106 Hannibale
876 2067 1008 2106 Livius
1021 2079 1137 2120 atque
1148 2070 1298 2124 Appia-

25 2135 102 2163 ειυς
114 2124 154 2162 &
165 2122 355 2162 Plutarch.
369 2123 418 2162 T.
431 2123 463 2170 I,
477 2135 512 2174 p.
527 2123 573 2174 38
586 2135 616 2169 i,
630 2121 798 2160 referunt
827 2122 1037 2160 Lucianum
1053 2125 1163 2162 huius
1177 2126 1297 2165 dialo-

25 2177 63 2231 gi
70 2176 235 2217 sumsiffe
243 2188 527 2230 argumentum,
537 2176 791 2215 observarunt
800 2174 828 2213 F
832 2188 860 2213 r.
870 2174 899 2212 F
902 2177 1015 2215 abric.
1024 2177 1070 2214 ad
1081 2175 1213 2216 Orosii
1220 2179 1236 2217 1
1243 2180 1296 2226 V,

25 2241 58 2272 c.
75 2231 194 2277 20,&
208 2231 257 2271 A.
269 2231 451 2271 Schottus
462 2231 510 2269 ad
521 2231 644 2270 Corn.
658 2230 801 2281 Nepot.
823 2230 898 2267 Vit.
918 2229 1086 2268 Hannib.
1101 2243 1134 2271 n.
1153 2245 1184 2271 1.
1203 2233 1295 2274 Eius

25 2283 214 2324 sermonis
227 2284 341 2325 fidem
356 2297 435 2323 non
449 2297 583 2336 parum
600 2285 787 2322 imminuit
797 2313 810 2329 ‚
825 2288 929 2335 quod
943 2285 995 2322 rei
1010 2295 1086 2321 tam
1102 2297 1296 2326 memora·

23 2337 109 2378 bilis
123 2339 360 2378 mentionem
374 2338 496 2378 fecisse
511 2339 653 2377 nullam
669 2338 842 2376 videatur
856 2337 1053 2388 Pozybius.
1069 2338 1188 2378 Livio
1207 2339 1295 2381 sane

23 2393 118 2446 quin
133 2392 301 2446 suspecta
316 2392 430 2432 fuerit
442 2393 534 2431 haec
547 2392 734 2440 narratio,
747 2404 876 2439 nemo,
889 2392 957 2444 qui
973 2404 1118 2430 morem
1135 2394 1215 2433 eius
1227 2408 1293 2434 co-

22 2448 207 2499 gnoverit
217 2475 228 2493 ‚
250 2445 359 2486 facile
371 2447 575 2486 dubitabit:
596 2458 683 2484 nam
697 2445 897 2498 postquam
912 2446 958 2484 de
974 2446 1007 2483 V
1017 2445 1096 2484 illio
1110 2458 1293 2499 tanquam

24 2512 104 2540 rem
123 2500 361 2553 exploratam
375 2500 568 2554 scripsiffet
579 2500 751 2549 XXXV,
770 2513 829 2550 14,
843 2514 915 2539 eum
926 2499 1100 2552 Ephesum
1110 2507 1292 2554 proseHum

102 2554 249 2594 Luciatz.
278 2556 359 2596 Vol.
376 2555 426 2594 II.
971 2554 1008 2593 G
1025 2566 1049 2606 g
