<?xml version="1.0" encoding="UTF-8"?>
<!DOCTYPE html PUBLIC "-//W3C//DTD XHTML 1.0 Transitional//EN"
    "http://www.w3.org/TR/xhtml1/DTD/xhtml1-transitional.dtd">
<html xmlns="http://www.w3.org/1999/xhtml" xml:lang="en" lang="en">
 <head>
  <title>
</title>
<meta http-equiv="Content-Type" content="text/html;charset=utf-8" />
  <meta name='ocr-system' content='tesseract 3.04.00' />
  <meta name='ocr-capabilities' content='ocr_page ocr_carea ocr_par ocr_line ocrx_word'/>
</head>
<body>
  <div class='ocr_page' id='page_1' title='image "./operagraeceetlat02luciuoft_0386.png"; bbox 0 0 1748 3420; ppageno 0'>
   <div class='ocr_carea' id='block_1_1' title="bbox 445 221 1512 293">
    <p class='ocr_par' dir='ltr' id='par_1_1' title="bbox 445 221 1512 293">
     <span class='ocr_line' id='line_1_1' title="bbox 445 221 1512 293; baseline -0.005 -17"><span class='ocrx_word' id='word_1_1' title='bbox 445 245 535 293; x_wconf 84' lang='lat'>352</span> <span class='ocrx_word' id='word_1_2' title='bbox 637 221 1512 271; x_wconf 82' lang='lat' dir='ltr'><strong>ANNOTATIONES</strong></span> 
     </span>
    </p>
   </div>
   <div class='ocr_carea' id='block_1_2' title="bbox 428 311 1716 2512">
    <p class='ocr_par' dir='ltr' id='par_1_2' title="bbox 432 311 1716 742">
     <span class='ocr_line' id='line_1_2' title="bbox 443 311 1714 369; baseline -0.002 -12"><span class='ocrx_word' id='word_1_3' title='bbox 443 319 497 357; x_wconf 92' lang='lat' dir='ltr'>Ut</span> <span class='ocrx_word' id='word_1_4' title='bbox 512 316 743 357; x_wconf 84' lang='lat' dir='ltr'>Gronovius</span> <span class='ocrx_word' id='word_1_5' title='bbox 754 315 904 361; x_wconf 87' lang='lat' dir='ltr'>voluit,</span> <span class='ocrx_word' id='word_1_6' title='bbox 923 315 973 354; x_wconf 80' lang='lat' dir='ltr'>ita</span> <span class='ocrx_word' id='word_1_7' title='bbox 998 314 1108 367; x_wconf 90' lang='lat' dir='ltr'>plane</span> <span class='ocrx_word' id='word_1_8' title='bbox 1126 315 1170 352; x_wconf 91' lang='lat' dir='ltr'>V.</span> <span class='ocrx_word' id='word_1_9' title='bbox 1186 328 1221 354; x_wconf 92' lang='lat'>2.</span> <span class='ocrx_word' id='word_1_10' title='bbox 1236 314 1279 354; x_wconf 86' lang='lat'>&amp;</span> <span class='ocrx_word' id='word_1_11' title='bbox 1295 313 1384 354; x_wconf 89' lang='lat' dir='ltr'>ferri</span> <span class='ocrx_word' id='word_1_12' title='bbox 1394 314 1519 369; x_wconf 89' lang='lat' dir='ltr'>potest</span> <span class='ocrx_word' id='word_1_13' title='bbox 1539 311 1605 355; x_wconf 67' lang='grc' dir='ltr'>ὑπ’</span> <span class='ocrx_word' id='word_1_14' title='bbox 1622 315 1714 356; x_wconf 69' lang='grc' dir='ltr'><strong><em>ἐκεί.</em></strong></span> 
     </span>
     <span class='ocr_line' id='line_1_3' title="bbox 440 367 1714 422; baseline -0.002 -11"><span class='ocrx_word' id='word_1_15' title='bbox 440 385 525 418; x_wconf 76' lang='grc' dir='ltr'>νοις,</span> <span class='ocrx_word' id='word_1_16' title='bbox 551 369 694 409; x_wconf 88' lang='lat' dir='ltr'>scilicet</span> <span class='ocrx_word' id='word_1_17' title='bbox 711 368 922 422; x_wconf 66' lang='grc' dir='ltr'><em>προβάτοις·</em></span> <span class='ocrx_word' id='word_1_18' title='bbox 943 368 1004 408; x_wconf 88' lang='lat' dir='ltr'>sed</span> <span class='ocrx_word' id='word_1_19' title='bbox 1021 368 1150 421; x_wconf 87' lang='lat' dir='ltr'>potius</span> <span class='ocrx_word' id='word_1_20' title='bbox 1166 368 1337 408; x_wconf 84' lang='lat' dir='ltr'>habuero</span> <span class='ocrx_word' id='word_1_21' title='bbox 1359 367 1426 407; x_wconf 73' lang='grc' dir='ltr'>ὑπ’</span> <span class='ocrx_word' id='word_1_22' title='bbox 1442 370 1564 418; x_wconf 77' lang='grc' dir='ltr'>ἐκείνῳ</span> <span class='ocrx_word' id='word_1_23' title='bbox 1576 400 1586 416; x_wconf 92' lang='grc'><em>,</em></span> <span class='ocrx_word' id='word_1_24' title='bbox 1601 370 1714 409; x_wconf 88' lang='lat' dir='ltr'>nimi·</span> 
     </span>
     <span class='ocr_line' id='line_1_4' title="bbox 440 421 1712 475; baseline 0.001 -13"><span class='ocrx_word' id='word_1_25' title='bbox 440 436 529 462; x_wconf 88' lang='lat' dir='ltr'>rum</span> <span class='ocrx_word' id='word_1_26' title='bbox 542 423 640 475; x_wconf 78' lang='grc' dir='ltr'><em>κριῷ,</em></span> <span class='ocrx_word' id='word_1_27' title='bbox 656 434 696 462; x_wconf 86' lang='lat' dir='ltr'>ut</span> <span class='ocrx_word' id='word_1_28' title='bbox 709 424 900 470; x_wconf 87' lang='lat' dir='ltr'>Homero,</span> <span class='ocrx_word' id='word_1_29' title='bbox 915 424 1026 461; x_wconf 86' lang='lat' dir='ltr'>cuius</span> <span class='ocrx_word' id='word_1_30' title='bbox 1042 434 1162 474; x_wconf 85' lang='lat' dir='ltr'>paene</span> <span class='ocrx_word' id='word_1_31' title='bbox 1176 422 1295 460; x_wconf 89' lang='lat' dir='ltr'>verba</span> <span class='ocrx_word' id='word_1_32' title='bbox 1314 421 1505 462; x_wconf 85' lang='lat' dir='ltr'>Lucianus</span> <span class='ocrx_word' id='word_1_33' title='bbox 1520 422 1712 474; x_wconf 86' lang='lat' dir='ltr'>expreffit,</span> 
     </span>
     <span class='ocr_line' id='line_1_5' title="bbox 443 474 1715 526; baseline 0.002 -12"><span class='ocrx_word' id='word_1_34' title='bbox 443 476 488 514; x_wconf 82' lang='lat' dir='ltr'>sit</span> <span class='ocrx_word' id='word_1_35' title='bbox 507 476 822 516; x_wconf 84' lang='lat' dir='ltr'>consentaneum:</span> <span class='ocrx_word' id='word_1_36' title='bbox 845 477 922 516; x_wconf 89' lang='lat' dir='ltr'>vid.</span> <span class='ocrx_word' id='word_1_37' title='bbox 935 474 1073 526; x_wconf 82' lang='lat' dir='ltr'>Odyff.</span> <span class='ocrx_word' id='word_1_38' title='bbox 1091 476 1125 523; x_wconf 88' lang='grc' dir='ltr'>Ι,</span> <span class='ocrx_word' id='word_1_39' title='bbox 1145 475 1504 523; x_wconf 79' lang='lat' dir='ltr'>444Nonnuss1ve</span> <span class='ocrx_word' id='word_1_40' title='bbox 1519 477 1715 517; x_wconf 80' lang='lat' dir='ltr'>Maximus</span> 
     </span>
     <span class='ocr_line' id='line_1_6' title="bbox 444 528 1715 584; baseline 0.002 -17"><span class='ocrx_word' id='word_1_41' title='bbox 444 535 590 584; x_wconf 69' lang='lat' dir='ltr'>Evvoey.</span> <span class='ocrx_word' id='word_1_42' title='bbox 622 536 702 570; x_wconf 81' lang='grc' dir='ltr'>Ιστ.</span> <span class='ocrx_word' id='word_1_43' title='bbox 727 531 773 569; x_wconf 88' lang='lat' dir='ltr'>ad</span> <span class='ocrx_word' id='word_1_44' title='bbox 787 530 953 582; x_wconf 84' lang='lat' dir='ltr'>Gregor.</span> <span class='ocrx_word' id='word_1_45' title='bbox 968 530 1150 568; x_wconf 87' lang='lat' dir='ltr'>Nazianz.</span> <span class='ocrx_word' id='word_1_46' title='bbox 1168 528 1256 567; x_wconf 82' lang='lat' dir='ltr'>Stel.</span> <span class='ocrx_word' id='word_1_47' title='bbox 1279 528 1337 574; x_wconf 89' lang='lat'>11,</span> <span class='ocrx_word' id='word_1_48' title='bbox 1356 542 1393 581; x_wconf 86' lang='lat' dir='ltr'>p.</span> <span class='ocrx_word' id='word_1_49' title='bbox 1417 542 1511 578; x_wconf 89' lang='lat'>172:</span> <span class='ocrx_word' id='word_1_50' title='bbox 1531 529 1715 582; x_wconf 60' lang='lat' dir='ltr'>sis‘space</span> 
     </span>
     <span class='ocr_line' id='line_1_7' title="bbox 446 578 1716 635; baseline 0.001 -13"><span class='ocrx_word' id='word_1_51' title='bbox 446 584 493 622; x_wconf 61' lang='lat' dir='ltr'>Se</span> <span class='ocrx_word' id='word_1_52' title='bbox 503 584 666 635; x_wconf 68' lang='grc' dir='ltr'>μεθύσας</span> <span class='ocrx_word' id='word_1_53' title='bbox 680 587 740 622; x_wconf 69' lang='grc' dir='ltr'>τὸν</span> <span class='ocrx_word' id='word_1_54' title='bbox 763 583 956 622; x_wconf 72' lang='grc' dir='ltr'>Κύκλωπα</span> <span class='ocrx_word' id='word_1_55' title='bbox 971 613 981 629; x_wconf 85' lang='grc'><em>,</em></span> <span class='ocrx_word' id='word_1_56' title='bbox 1002 582 1065 621; x_wconf 61' lang='grc' dir='ltr'>καὶ</span> <span class='ocrx_word' id='word_1_57' title='bbox 1081 583 1284 628; x_wconf 74' lang='grc' dir='ltr'>τυφλώσας</span> <span class='ocrx_word' id='word_1_58' title='bbox 1300 578 1427 630; x_wconf 67' lang='grc' dir='ltr'>αὐτὸν,</span> <span class='ocrx_word' id='word_1_59' title='bbox 1447 582 1512 621; x_wconf 71' lang='grc' dir='ltr'>καὶ</span> <span class='ocrx_word' id='word_1_60' title='bbox 1530 581 1604 620; x_wconf 66' lang='grc' dir='ltr'>ὑπὸ</span> <span class='ocrx_word' id='word_1_61' title='bbox 1625 587 1668 622; x_wconf 67' lang='grc' dir='ltr'>τὶν</span> <span class='ocrx_word' id='word_1_62' title='bbox 1683 583 1716 623; x_wconf 83' lang='grc' dir='ltr'>ἔ-</span> 
     </span>
     <span class='ocr_line' id='line_1_8' title="bbox 443 634 1714 690; baseline 0.002 -17"><span class='ocrx_word' id='word_1_63' title='bbox 443 653 512 689; x_wconf 80' lang='grc' dir='ltr'>ριον</span> <span class='ocrx_word' id='word_1_64' title='bbox 539 636 615 677; x_wconf 58' lang='grc' dir='ltr'>ἑνὸς</span> <span class='ocrx_word' id='word_1_65' title='bbox 637 637 735 690; x_wconf 76' lang='grc' dir='ltr'><strong><em>κριοῦ</em></strong></span> <span class='ocrx_word' id='word_1_66' title='bbox 751 639 1051 688; x_wconf 44' lang='lat' dir='ltr'>nuncupandam</span> <span class='ocrx_word' id='word_1_67' title='bbox 1074 634 1216 682; x_wconf 67' lang='grc' dir='ltr'>ἑαυτὸν,</span> <span class='ocrx_word' id='word_1_68' title='bbox 1231 637 1297 674; x_wconf 71' lang='grc' dir='ltr'>καὶ</span> <span class='ocrx_word' id='word_1_69' title='bbox 1313 634 1462 687; x_wconf 79' lang='grc' dir='ltr'>ἐξελθὼν</span> <span class='ocrx_word' id='word_1_70' title='bbox 1477 634 1540 676; x_wconf 81' lang='grc' dir='ltr'>σὺν</span> <span class='ocrx_word' id='word_1_71' title='bbox 1557 635 1610 686; x_wconf 74' lang='grc' dir='ltr'>τῷ</span> <span class='ocrx_word' id='word_1_72' title='bbox 1627 636 1714 690; x_wconf 75' lang='grc' dir='ltr'>κριῷ</span> 
     </span>
     <span class='ocr_line' id='line_1_9' title="bbox 432 687 936 742; baseline -0.002 -13"><span class='ocrx_word' id='word_1_73' title='bbox 432 687 558 730; x_wconf 74' lang='grc' dir='ltr'><strong><em>ὀὕτως</em></strong></span> <span class='ocrx_word' id='word_1_74' title='bbox 576 691 747 742; x_wconf 51' lang='lat' dir='ltr'>&amp;vespm</span> <span class='ocrx_word' id='word_1_75' title='bbox 773 691 936 729; x_wconf 76' lang='lat' dir='ltr'>HEMST.</span> 
     </span>
    </p>

    <p class='ocr_par' dir='ltr' id='par_1_3' title="bbox 433 738 1715 1645">
     <span class='ocr_line' id='line_1_10' title="bbox 498 738 1714 798; baseline 0.002 -16"><span class='ocrx_word' id='word_1_76' title='bbox 498 745 586 798; x_wconf 74' lang='lat' dir='ltr'>Pag.</span> <span class='ocrx_word' id='word_1_77' title='bbox 604 758 666 797; x_wconf 92' lang='lat'>97.</span> <span class='ocrx_word' id='word_1_78' title='bbox 682 746 704 783; x_wconf 90' lang='lat' dir='ltr'>l.</span> <span class='ocrx_word' id='word_1_79' title='bbox 729 757 758 783; x_wconf 92' lang='lat'>1.</span> <span class='ocrx_word' id='word_1_80' title='bbox 775 748 821 782; x_wconf 73' lang='lat' dir='ltr'>Tb</span> <span class='ocrx_word' id='word_1_81' title='bbox 837 744 963 794; x_wconf 72' lang='grc' dir='ltr'>σώζειν</span> <span class='ocrx_word' id='word_1_82' title='bbox 977 738 1024 782; x_wconf 67' lang='grc' dir='ltr'>αὖ</span> <span class='ocrx_word' id='word_1_83' title='bbox 1032 756 1065 781; x_wconf 92' lang='grc' dir='ltr'>τ.</span> <span class='ocrx_word' id='word_1_84' title='bbox 1081 742 1144 781; x_wconf 72' lang='grc' dir='ltr'>καὶ</span> <span class='ocrx_word' id='word_1_85' title='bbox 1158 741 1371 782; x_wconf 63' lang='grc' dir='ltr'>ἀπολλύναι</span> <span class='ocrx_word' id='word_1_86' title='bbox 1383 744 1399 790; x_wconf 86' lang='grc'>)</span> <span class='ocrx_word' id='word_1_87' title='bbox 1412 742 1520 782; x_wconf 92' lang='lat' dir='ltr'>Haec</span> <span class='ocrx_word' id='word_1_88' title='bbox 1532 743 1631 783; x_wconf 88' lang='lat' dir='ltr'>male</span> <span class='ocrx_word' id='word_1_89' title='bbox 1644 756 1714 784; x_wconf 87' lang='lat' dir='ltr'>co·</span> 
     </span>
     <span class='ocr_line' id='line_1_11' title="bbox 441 796 1715 849; baseline 0.001 -13"><span class='ocrx_word' id='word_1_90' title='bbox 441 798 598 838; x_wconf 80' lang='lat' dir='ltr'>haerent</span> <span class='ocrx_word' id='word_1_91' title='bbox 611 829 622 844; x_wconf 95' lang='lat'>,</span> <span class='ocrx_word' id='word_1_92' title='bbox 646 799 685 836; x_wconf 83' lang='lat'>&amp;</span> <span class='ocrx_word' id='word_1_93' title='bbox 702 797 943 837; x_wconf 84' lang='lat' dir='ltr'>subaeratum</span> <span class='ocrx_word' id='word_1_94' title='bbox 958 796 1132 849; x_wconf 80' lang='lat' dir='ltr'>quiddam</span> <span class='ocrx_word' id='word_1_95' title='bbox 1145 797 1335 844; x_wconf 78' lang='lat' dir='ltr'>tinniunt3</span> <span class='ocrx_word' id='word_1_96' title='bbox 1357 808 1484 848; x_wconf 91' lang='lat' dir='ltr'>neque</span> <span class='ocrx_word' id='word_1_97' title='bbox 1495 797 1591 836; x_wconf 87' lang='lat' dir='ltr'>adeo</span> <span class='ocrx_word' id='word_1_98' title='bbox 1606 797 1715 837; x_wconf 88' lang='lat' dir='ltr'>dubi-</span> 
     </span>
     <span class='ocr_line' id='line_1_12' title="bbox 439 849 1714 904; baseline 0 -13"><span class='ocrx_word' id='word_1_99' title='bbox 439 862 496 898; x_wconf 83' lang='lat' dir='ltr'>to,</span> <span class='ocrx_word' id='word_1_100' title='bbox 521 853 614 904; x_wconf 87' lang='lat' dir='ltr'>quin</span> <span class='ocrx_word' id='word_1_101' title='bbox 630 853 795 904; x_wconf 88' lang='lat' dir='ltr'>primum</span> <span class='ocrx_word' id='word_1_102' title='bbox 812 853 849 889; x_wconf 90' lang='lat' dir='ltr'>in</span> <span class='ocrx_word' id='word_1_103' title='bbox 867 852 1036 902; x_wconf 78' lang='lat' dir='ltr'>margine</span> <span class='ocrx_word' id='word_1_104' title='bbox 1049 863 1070 888; x_wconf 87' lang='lat' dir='ltr'>a</span> <span class='ocrx_word' id='word_1_105' title='bbox 1083 849 1248 888; x_wconf 87' lang='lat' dir='ltr'>studioso</span> <span class='ocrx_word' id='word_1_106' title='bbox 1265 849 1407 889; x_wconf 63' lang='lat' dir='ltr'>lefiore</span> <span class='ocrx_word' id='word_1_107' title='bbox 1420 849 1566 902; x_wconf 64' lang='lat' dir='ltr'>adpiSm</span> <span class='ocrx_word' id='word_1_108' title='bbox 1579 851 1714 892; x_wconf 86' lang='lat' dir='ltr'>deinde</span> 
     </span>
     <span class='ocr_line' id='line_1_13' title="bbox 441 904 1715 958; baseline 0 -14"><span class='ocrx_word' id='word_1_109' title='bbox 441 905 693 958; x_wconf 84' lang='lat' dir='ltr'>perrepserint</span> <span class='ocrx_word' id='word_1_110' title='bbox 721 906 757 943; x_wconf 91' lang='lat' dir='ltr'>in</span> <span class='ocrx_word' id='word_1_111' title='bbox 782 914 1007 944; x_wconf 81' lang='lat' dir='ltr'>contextum</span> <span class='ocrx_word' id='word_1_112' title='bbox 1032 904 1234 943; x_wconf 89' lang='lat' dir='ltr'>orationis.</span> <span class='ocrx_word' id='word_1_113' title='bbox 1253 904 1448 942; x_wconf 91' lang='lat' dir='ltr'>Laborant</span> <span class='ocrx_word' id='word_1_114' title='bbox 1463 904 1589 943; x_wconf 88' lang='lat' dir='ltr'>itidem</span> <span class='ocrx_word' id='word_1_115' title='bbox 1603 904 1715 944; x_wconf 75' lang='grc' dir='ltr'>ἐπ’ἐ-</span> 
     </span>
     <span class='ocr_line' id='line_1_14' title="bbox 436 955 1712 1012; baseline 0.002 -15"><span class='ocrx_word' id='word_1_116' title='bbox 436 961 500 1010; x_wconf 78' lang='grc' dir='ltr'>μοὶ</span> <span class='ocrx_word' id='word_1_117' title='bbox 514 960 704 1012; x_wconf 72' lang='grc' dir='ltr'><em>πρόσεστι·</em></span> <span class='ocrx_word' id='word_1_118' title='bbox 717 958 744 997; x_wconf 86' lang='lat' dir='ltr'>si</span> <span class='ocrx_word' id='word_1_119' title='bbox 759 958 940 1011; x_wconf 89' lang='lat' dir='ltr'>scriptum</span> <span class='ocrx_word' id='word_1_120' title='bbox 957 956 1055 996; x_wconf 82' lang='lat' dir='ltr'>foret</span> <span class='ocrx_word' id='word_1_121' title='bbox 1065 987 1078 1002; x_wconf 90' lang='lat'><em>‚</em></span> <span class='ocrx_word' id='word_1_122' title='bbox 1092 960 1146 996; x_wconf 68' lang='grc' dir='ltr'>τὰ</span> <span class='ocrx_word' id='word_1_123' title='bbox 1160 955 1250 1010; x_wconf 67' lang='grc' dir='ltr'>γοῦν</span> <span class='ocrx_word' id='word_1_124' title='bbox 1265 956 1340 997; x_wconf 68' lang='grc' dir='ltr'>τῶν</span> <span class='ocrx_word' id='word_1_125' title='bbox 1355 957 1539 997; x_wconf 77' lang='grc' dir='ltr'>πλεόντων</span> <span class='ocrx_word' id='word_1_126' title='bbox 1554 957 1618 997; x_wconf 77' lang='grc' dir='ltr'>ἐπ’</span> <span class='ocrx_word' id='word_1_127' title='bbox 1630 958 1712 1008; x_wconf 69' lang='grc' dir='ltr'>ἐμοὶ</span> 
     </span>
     <span class='ocr_line' id='line_1_15' title="bbox 438 1010 1714 1065; baseline -0.001 -13"><span class='ocrx_word' id='word_1_128' title='bbox 438 1014 540 1059; x_wconf 75' lang='grc' dir='ltr'><strong><em>ἐστὶ,</em></strong></span> <span class='ocrx_word' id='word_1_129' title='bbox 560 1028 630 1051; x_wconf 75' lang='lat' dir='ltr'>mea</span> <span class='ocrx_word' id='word_1_130' title='bbox 643 1014 678 1051; x_wconf 81' lang='grc' dir='ltr'>ἱιι</span> <span class='ocrx_word' id='word_1_131' title='bbox 692 1029 791 1051; x_wconf 65' lang='lat' dir='ltr'>aranu</span> <span class='ocrx_word' id='word_1_132' title='bbox 808 1029 847 1051; x_wconf 73' lang='lat' dir='ltr'>ac</span> <span class='ocrx_word' id='word_1_133' title='bbox 857 1010 1168 1065; x_wconf 57' lang='lat' dir='ltr'>potestatefhrtuna</span> <span class='ocrx_word' id='word_1_134' title='bbox 1185 1012 1419 1064; x_wconf 78' lang='lat' dir='ltr'>navigantium</span> <span class='ocrx_word' id='word_1_135' title='bbox 1430 1013 1487 1062; x_wconf 85' lang='lat' dir='ltr'>est,</span> <span class='ocrx_word' id='word_1_136' title='bbox 1505 1011 1596 1050; x_wconf 78' lang='lat' dir='ltr'>nihil</span> <span class='ocrx_word' id='word_1_137' title='bbox 1613 1012 1714 1052; x_wconf 81' lang='lat' dir='ltr'>ultra</span> 
     </span>
     <span class='ocr_line' id='line_1_16' title="bbox 439 1064 1713 1117; baseline 0.001 -12"><span class='ocrx_word' id='word_1_138' title='bbox 439 1067 747 1106; x_wconf 77' lang='lat' dir='ltr'>desideraremus.</span> <span class='ocrx_word' id='word_1_139' title='bbox 761 1066 855 1115; x_wconf 74' lang='grc' dir='ltr'>Ἐμοὶ</span> <span class='ocrx_word' id='word_1_140' title='bbox 867 1065 1063 1117; x_wconf 75' lang='grc' dir='ltr'><em>πρόσεστι,</em></span> <span class='ocrx_word' id='word_1_141' title='bbox 1075 1065 1227 1104; x_wconf 68' lang='lat' dir='ltr'>abiec&#39;to</span> <span class='ocrx_word' id='word_1_142' title='bbox 1240 1065 1315 1113; x_wconf 69' lang='grc' dir='ltr'>ἐπὶ,</span> <span class='ocrx_word' id='word_1_143' title='bbox 1325 1064 1412 1103; x_wconf 90' lang='lat' dir='ltr'>satis</span> <span class='ocrx_word' id='word_1_144' title='bbox 1423 1065 1578 1117; x_wconf 90' lang='lat' dir='ltr'>quidem</span> <span class='ocrx_word' id='word_1_145' title='bbox 1593 1065 1713 1106; x_wconf 90' lang='lat' dir='ltr'>Grae-</span> 
     </span>
     <span class='ocr_line' id='line_1_17' title="bbox 437 1118 1715 1172; baseline 0.001 -13"><span class='ocrx_word' id='word_1_146' title='bbox 437 1127 546 1164; x_wconf 72' lang='lat' dir='ltr'>cum,</span> <span class='ocrx_word' id='word_1_147' title='bbox 569 1133 706 1158; x_wconf 87' lang='lat' dir='ltr'>verum</span> <span class='ocrx_word' id='word_1_148' title='bbox 727 1121 772 1158; x_wconf 88' lang='lat' dir='ltr'>ad</span> <span class='ocrx_word' id='word_1_149' title='bbox 794 1119 1013 1158; x_wconf 82' lang='lat' dir='ltr'>sententiam</span> <span class='ocrx_word' id='word_1_150' title='bbox 1040 1118 1153 1157; x_wconf 85' lang='lat' dir='ltr'>huius</span> <span class='ocrx_word' id='word_1_151' title='bbox 1177 1118 1254 1157; x_wconf 87' lang='lat' dir='ltr'>loci</span> <span class='ocrx_word' id='word_1_152' title='bbox 1275 1119 1497 1171; x_wconf 86' lang='lat' dir='ltr'>neutiquam</span> <span class='ocrx_word' id='word_1_153' title='bbox 1519 1129 1715 1172; x_wconf 88' lang='lat' dir='ltr'>opportu-</span> 
     </span>
     <span class='ocr_line' id='line_1_18' title="bbox 437 1170 1715 1225; baseline 0.002 -14"><span class='ocrx_word' id='word_1_154' title='bbox 437 1186 551 1212; x_wconf 80' lang='lat' dir='ltr'>num:</span> <span class='ocrx_word' id='word_1_155' title='bbox 569 1186 639 1212; x_wconf 90' lang='lat' dir='ltr'>nec</span> <span class='ocrx_word' id='word_1_156' title='bbox 654 1173 735 1212; x_wconf 80' lang='lat' dir='ltr'>fieri</span> <span class='ocrx_word' id='word_1_157' title='bbox 758 1183 887 1212; x_wconf 88' lang='lat' dir='ltr'>tamen</span> <span class='ocrx_word' id='word_1_158' title='bbox 911 1170 1075 1224; x_wconf 77' lang='lat' dir='ltr'>potuiss&#39;e</span> <span class='ocrx_word' id='word_1_159' title='bbox 1090 1184 1169 1210; x_wconf 92' lang='lat' dir='ltr'>non</span> <span class='ocrx_word' id='word_1_160' title='bbox 1185 1171 1340 1218; x_wconf 80' lang='lat' dir='ltr'>credas,</span> <span class='ocrx_word' id='word_1_161' title='bbox 1354 1183 1397 1211; x_wconf 86' lang='lat' dir='ltr'>ut</span> <span class='ocrx_word' id='word_1_162' title='bbox 1410 1184 1458 1211; x_wconf 82' lang='lat' dir='ltr'>ex</span> <span class='ocrx_word' id='word_1_163' title='bbox 1482 1181 1646 1225; x_wconf 88' lang='lat' dir='ltr'>utraque</span> <span class='ocrx_word' id='word_1_164' title='bbox 1659 1173 1715 1214; x_wconf 91' lang='lat' dir='ltr'>le-</span> 
     </span>
     <span class='ocr_line' id='line_1_19' title="bbox 437 1225 1714 1279; baseline 0 -13"><span class='ocrx_word' id='word_1_165' title='bbox 437 1228 567 1267; x_wconf 61' lang='lat' dir='ltr'>&amp;ione</span> <span class='ocrx_word' id='word_1_166' title='bbox 580 1228 688 1266; x_wconf 89' lang='lat' dir='ltr'>varia</span> <span class='ocrx_word' id='word_1_167' title='bbox 700 1226 869 1279; x_wconf 85' lang='lat' dir='ltr'>vulgaris</span> <span class='ocrx_word' id='word_1_168' title='bbox 884 1226 945 1264; x_wconf 88' lang='lat' dir='ltr'>illa</span> <span class='ocrx_word' id='word_1_169' title='bbox 960 1225 1074 1264; x_wconf 83' lang='lat' dir='ltr'>fuerit</span> <span class='ocrx_word' id='word_1_170' title='bbox 1088 1225 1268 1264; x_wconf 84' lang='lat' dir='ltr'>conflata.</span> <span class='ocrx_word' id='word_1_171' title='bbox 1290 1225 1392 1264; x_wconf 87' lang='lat' dir='ltr'>Nihil</span> <span class='ocrx_word' id='word_1_172' title='bbox 1407 1236 1536 1264; x_wconf 89' lang='lat' dir='ltr'>tamen</span> <span class='ocrx_word' id='word_1_173' title='bbox 1556 1227 1714 1279; x_wconf 87' lang='lat' dir='ltr'>expedi-</span> 
     </span>
     <span class='ocr_line' id='line_1_20' title="bbox 437 1281 1713 1333; baseline 0.002 -14"><span class='ocrx_word' id='word_1_174' title='bbox 437 1282 517 1320; x_wconf 78' lang='lat' dir='ltr'>tius</span> <span class='ocrx_word' id='word_1_175' title='bbox 531 1281 711 1326; x_wconf 80' lang='lat' dir='ltr'>arbitror,</span> <span class='ocrx_word' id='word_1_176' title='bbox 728 1293 843 1333; x_wconf 86' lang='lat' dir='ltr'>quam</span> <span class='ocrx_word' id='word_1_177' title='bbox 861 1291 903 1318; x_wconf 90' lang='lat' dir='ltr'>ut</span> <span class='ocrx_word' id='word_1_178' title='bbox 921 1282 1010 1331; x_wconf 61' lang='grc' dir='ltr'>πρὸς</span> <span class='ocrx_word' id='word_1_179' title='bbox 1031 1289 1162 1318; x_wconf 89' lang='lat' dir='ltr'>ortum</span> <span class='ocrx_word' id='word_1_180' title='bbox 1178 1289 1333 1332; x_wconf 91' lang='lat' dir='ltr'>putetur</span> <span class='ocrx_word' id='word_1_181' title='bbox 1352 1292 1400 1317; x_wconf 83' lang='lat' dir='ltr'>ex</span> <span class='ocrx_word' id='word_1_182' title='bbox 1415 1282 1581 1326; x_wconf 72' lang='grc' dir='ltr'>πάντως,</span> <span class='ocrx_word' id='word_1_183' title='bbox 1601 1281 1713 1321; x_wconf 87' lang='lat' dir='ltr'>cuius</span> 
     </span>
     <span class='ocr_line' id='line_1_21' title="bbox 434 1332 1712 1388; baseline 0.002 -15"><span class='ocrx_word' id='word_1_184' title='bbox 434 1334 476 1373; x_wconf 84' lang='lat' dir='ltr'>in</span> <span class='ocrx_word' id='word_1_185' title='bbox 494 1333 649 1374; x_wconf 87' lang='lat' dir='ltr'>vetustis</span> <span class='ocrx_word' id='word_1_186' title='bbox 668 1334 772 1373; x_wconf 90' lang='lat' dir='ltr'>libris</span> <span class='ocrx_word' id='word_1_187' title='bbox 792 1334 867 1372; x_wconf 91' lang='lat' dir='ltr'>tale</span> <span class='ocrx_word' id='word_1_188' title='bbox 882 1332 935 1372; x_wconf 89' lang='lat' dir='ltr'>est</span> <span class='ocrx_word' id='word_1_189' title='bbox 953 1332 1158 1384; x_wconf 83' lang='lat' dir='ltr'>scripturae</span> <span class='ocrx_word' id='word_1_190' title='bbox 1177 1333 1451 1385; x_wconf 81' lang='lat' dir='ltr'>compendium</span> <span class='ocrx_word' id='word_1_191' title='bbox 1465 1347 1588 1373; x_wconf 68' lang='grc' dir='ltr'><strong><em>πτως.</em></strong></span> <span class='ocrx_word' id='word_1_192' title='bbox 1606 1334 1712 1388; x_wconf 87' lang='lat' dir='ltr'>Ergo</span> 
     </span>
     <span class='ocr_line' id='line_1_22' title="bbox 435 1385 1713 1441; baseline 0 -13"><span class='ocrx_word' id='word_1_193' title='bbox 435 1388 502 1428; x_wconf 60' lang='lat' dir='ltr'>wel</span> <span class='ocrx_word' id='word_1_194' title='bbox 523 1389 734 1441; x_wconf 82' lang='lat' dir='ltr'>genuinum</span> <span class='ocrx_word' id='word_1_195' title='bbox 759 1389 850 1435; x_wconf 90' lang='lat' dir='ltr'>erit,</span> <span class='ocrx_word' id='word_1_196' title='bbox 874 1388 939 1427; x_wconf 89' lang='lat' dir='ltr'>vel</span> <span class='ocrx_word' id='word_1_197' title='bbox 964 1387 1135 1425; x_wconf 88' lang='lat' dir='ltr'>Luciano</span> <span class='ocrx_word' id='word_1_198' title='bbox 1162 1385 1290 1425; x_wconf 90' lang='lat' dir='ltr'>saltem</span> <span class='ocrx_word' id='word_1_199' title='bbox 1314 1399 1393 1426; x_wconf 92' lang='lat' dir='ltr'>non</span> <span class='ocrx_word' id='word_1_200' title='bbox 1417 1387 1639 1439; x_wconf 85' lang='lat' dir='ltr'>indignum:</span> <span class='ocrx_word' id='word_1_201' title='bbox 1657 1391 1713 1428; x_wconf 64' lang='grc' dir='ltr'>τὰ</span> 
     </span>
     <span class='ocr_line' id='line_1_23' title="bbox 438 1439 1712 1496; baseline 0.002 -17"><span class='ocrx_word' id='word_1_202' title='bbox 438 1441 528 1496; x_wconf 43' lang='grc' dir='ltr'>’γοῦν</span> <span class='ocrx_word' id='word_1_203' title='bbox 543 1442 614 1481; x_wconf 76' lang='grc' dir='ltr'>τῶν</span> <span class='ocrx_word' id='word_1_204' title='bbox 627 1442 820 1481; x_wconf 66' lang='grc' dir='ltr'>πλεόντων</span> <span class='ocrx_word' id='word_1_205' title='bbox 835 1441 900 1481; x_wconf 77' lang='grc' dir='ltr'>ἐπ’</span> <span class='ocrx_word' id='word_1_206' title='bbox 914 1441 992 1491; x_wconf 72' lang='grc' dir='ltr'>ἐμοὶ</span> <span class='ocrx_word' id='word_1_207' title='bbox 1007 1439 1159 1480; x_wconf 69' lang='grc' dir='ltr'>πάντως</span> <span class='ocrx_word' id='word_1_208' title='bbox 1171 1440 1263 1480; x_wconf 81' lang='grc' dir='ltr'><strong><em>ἐστί·</em></strong></span> <span class='ocrx_word' id='word_1_209' title='bbox 1277 1441 1416 1479; x_wconf 90' lang='lat' dir='ltr'>horum</span> <span class='ocrx_word' id='word_1_210' title='bbox 1429 1439 1574 1480; x_wconf 85' lang='lat' dir='ltr'>sensum</span> <span class='ocrx_word' id='word_1_211' title='bbox 1590 1452 1631 1481; x_wconf 88' lang='lat' dir='ltr'>ut</span> <span class='ocrx_word' id='word_1_212' title='bbox 1645 1455 1712 1481; x_wconf 86' lang='lat' dir='ltr'>ex·</span> 
     </span>
     <span class='ocr_line' id='line_1_24' title="bbox 433 1489 1712 1549; baseline 0 -14"><span class='ocrx_word' id='word_1_213' title='bbox 433 1497 634 1549; x_wconf 85' lang='lat' dir='ltr'>planaret,</span> <span class='ocrx_word' id='word_1_214' title='bbox 655 1496 791 1535; x_wconf 85' lang='lat' dir='ltr'>addidit</span> <span class='ocrx_word' id='word_1_215' title='bbox 814 1495 973 1547; x_wconf 85' lang='lat' dir='ltr'>aliquis,</span> <span class='ocrx_word' id='word_1_216' title='bbox 996 1496 1040 1533; x_wconf 65' lang='grc' dir='ltr'>τὸ</span> <span class='ocrx_word' id='word_1_217' title='bbox 1069 1494 1196 1545; x_wconf 76' lang='grc' dir='ltr'>σώζειν</span> <span class='ocrx_word' id='word_1_218' title='bbox 1216 1489 1351 1533; x_wconf 75' lang='grc' dir='ltr'><strong><em>αὐτοὺς</em></strong></span> <span class='ocrx_word' id='word_1_219' title='bbox 1381 1494 1445 1533; x_wconf 67' lang='grc' dir='ltr'>καὶ</span> <span class='ocrx_word' id='word_1_220' title='bbox 1472 1494 1712 1543; x_wconf 67' lang='grc' dir='ltr'>ἀπολλύναι,</span> 
     </span>
     <span class='ocr_line' id='line_1_25' title="bbox 433 1546 1712 1603; baseline 0.001 -14"><span class='ocrx_word' id='word_1_221' title='bbox 433 1564 536 1603; x_wconf 87' lang='lat' dir='ltr'>quae</span> <span class='ocrx_word' id='word_1_222' title='bbox 547 1562 650 1589; x_wconf 89' lang='lat' dir='ltr'>nunc</span> <span class='ocrx_word' id='word_1_223' title='bbox 664 1550 824 1590; x_wconf 89' lang='lat' dir='ltr'>dilucide</span> <span class='ocrx_word' id='word_1_224' title='bbox 835 1560 938 1603; x_wconf 90' lang='lat' dir='ltr'>patet</span> <span class='ocrx_word' id='word_1_225' title='bbox 950 1560 1065 1600; x_wconf 87' lang='lat' dir='ltr'>quam</span> <span class='ocrx_word' id='word_1_226' title='bbox 1080 1547 1151 1586; x_wconf 85' lang='lat' dir='ltr'>sint</span> <span class='ocrx_word' id='word_1_227' title='bbox 1162 1547 1305 1587; x_wconf 89' lang='lat' dir='ltr'>nullius</span> <span class='ocrx_word' id='word_1_228' title='bbox 1317 1547 1442 1602; x_wconf 86' lang='lat' dir='ltr'>pretii,</span> <span class='ocrx_word' id='word_1_229' title='bbox 1461 1546 1489 1587; x_wconf 89' lang='lat' dir='ltr'><strong>fi</strong></span> <span class='ocrx_word' id='word_1_230' title='bbox 1505 1549 1712 1602; x_wconf 84' lang='lat' dir='ltr'>quadratae</span> 
     </span>
     <span class='ocr_line' id='line_1_26' title="bbox 438 1603 1098 1645; baseline -0.008 0"><span class='ocrx_word' id='word_1_231' title='bbox 438 1605 614 1645; x_wconf 88' lang='lat' dir='ltr'>orationi</span> <span class='ocrx_word' id='word_1_232' title='bbox 627 1605 916 1643; x_wconf 75' lang='lat' dir='ltr'>interficiantur.</span> <span class='ocrx_word' id='word_1_233' title='bbox 933 1603 1098 1641; x_wconf 77' lang='lat' dir='ltr'><strong>HEMST.</strong></span> 
     </span>
    </p>

    <p class='ocr_par' dir='ltr' id='par_1_4' title="bbox 428 1654 1714 2512">
     <span class='ocr_line' id='line_1_27' title="bbox 490 1654 1712 1708; baseline 0 -12"><span class='ocrx_word' id='word_1_234' title='bbox 490 1662 561 1697; x_wconf 86' lang='lat' dir='ltr'>ead.</span> <span class='ocrx_word' id='word_1_235' title='bbox 577 1658 600 1696; x_wconf 91' lang='lat' dir='ltr'>l.</span> <span class='ocrx_word' id='word_1_236' title='bbox 615 1658 649 1696; x_wconf 92' lang='lat'>6.</span> <span class='ocrx_word' id='word_1_237' title='bbox 673 1660 715 1696; x_wconf 83' lang='grc' dir='ltr'>Τί</span> <span class='ocrx_word' id='word_1_238' title='bbox 730 1657 837 1696; x_wconf 70' lang='grc' dir='ltr'><strong><em>τοῦτο</em></strong></span> <span class='ocrx_word' id='word_1_239' title='bbox 852 1655 949 1708; x_wconf 72' lang='grc' dir='ltr'>διε.)</span> <span class='ocrx_word' id='word_1_240' title='bbox 976 1656 1050 1695; x_wconf 88' lang='lat' dir='ltr'>Hic</span> <span class='ocrx_word' id='word_1_241' title='bbox 1072 1654 1221 1696; x_wconf 86' lang='lat' dir='ltr'>secutus</span> <span class='ocrx_word' id='word_1_242' title='bbox 1241 1654 1295 1695; x_wconf 89' lang='lat' dir='ltr'>est</span> <span class='ocrx_word' id='word_1_243' title='bbox 1315 1657 1518 1708; x_wconf 74' lang='lat' dir='ltr'>poetarum</span> <span class='ocrx_word' id='word_1_244' title='bbox 1537 1654 1712 1705; x_wconf 84' lang='lat' dir='ltr'>fabulas,</span> 
     </span>
     <span class='ocr_line' id='line_1_28' title="bbox 430 1708 1712 1765; baseline 0 -15"><span class='ocrx_word' id='word_1_245' title='bbox 430 1713 506 1765; x_wconf 85' lang='lat' dir='ltr'>qui</span> <span class='ocrx_word' id='word_1_246' title='bbox 532 1711 760 1750; x_wconf 79' lang='lat' dir='ltr'>Arethusam</span> <span class='ocrx_word' id='word_1_247' title='bbox 778 1711 1011 1750; x_wconf 82' lang='lat' dir='ltr'>venatricem</span> <span class='ocrx_word' id='word_1_248' title='bbox 1030 1709 1180 1749; x_wconf 83' lang='lat' dir='ltr'>Dianae</span> <span class='ocrx_word' id='word_1_249' title='bbox 1199 1711 1379 1750; x_wconf 88' lang='lat' dir='ltr'>comitem</span> <span class='ocrx_word' id='word_1_250' title='bbox 1403 1708 1510 1749; x_wconf 78' lang='lat' dir='ltr'>fuisse</span> <span class='ocrx_word' id='word_1_251' title='bbox 1530 1711 1712 1760; x_wconf 88' lang='lat' dir='ltr'>tradunt,</span> 
     </span>
     <span class='ocr_line' id='line_1_29' title="bbox 437 1763 1712 1817; baseline -0.002 -11"><span class='ocrx_word' id='word_1_252' title='bbox 437 1767 487 1806; x_wconf 85' lang='lat' dir='ltr'>ab</span> <span class='ocrx_word' id='word_1_253' title='bbox 501 1766 655 1817; x_wconf 86' lang='lat' dir='ltr'>Alpheo</span> <span class='ocrx_word' id='word_1_254' title='bbox 669 1766 878 1804; x_wconf 86' lang='lat' dir='ltr'>adamatam</span> <span class='ocrx_word' id='word_1_255' title='bbox 891 1778 902 1811; x_wconf 90' lang='lat'>;</span> <span class='ocrx_word' id='word_1_256' title='bbox 922 1764 984 1803; x_wconf 91' lang='lat' dir='ltr'>cui</span> <span class='ocrx_word' id='word_1_257' title='bbox 998 1776 1085 1802; x_wconf 88' lang='lat' dir='ltr'>cum</span> <span class='ocrx_word' id='word_1_258' title='bbox 1100 1763 1160 1802; x_wconf 90' lang='lat' dir='ltr'>ille</span> <span class='ocrx_word' id='word_1_259' title='bbox 1174 1764 1253 1803; x_wconf 87' lang='lat' dir='ltr'>vim</span> <span class='ocrx_word' id='word_1_260' title='bbox 1274 1764 1449 1803; x_wconf 88' lang='lat' dir='ltr'>adhibere</span> <span class='ocrx_word' id='word_1_261' title='bbox 1461 1774 1632 1816; x_wconf 85' lang='lat' dir='ltr'>pararet,</span> <span class='ocrx_word' id='word_1_262' title='bbox 1645 1776 1712 1804; x_wconf 87' lang='lat' dir='ltr'>ea-</span> 
     </span>
     <span class='ocr_line' id='line_1_30' title="bbox 433 1816 1710 1872; baseline 0 -14"><span class='ocrx_word' id='word_1_263' title='bbox 433 1833 514 1872; x_wconf 89' lang='lat' dir='ltr'>que</span> <span class='ocrx_word' id='word_1_264' title='bbox 533 1818 703 1871; x_wconf 81' lang='lat' dir='ltr'>effugere</span> <span class='ocrx_word' id='word_1_265' title='bbox 725 1832 804 1858; x_wconf 90' lang='lat' dir='ltr'>non</span> <span class='ocrx_word' id='word_1_266' title='bbox 828 1817 971 1872; x_wconf 78' lang='lat' dir='ltr'>posset,</span> <span class='ocrx_word' id='word_1_267' title='bbox 996 1816 1148 1856; x_wconf 90' lang='lat' dir='ltr'>Dianae</span> <span class='ocrx_word' id='word_1_268' title='bbox 1164 1816 1409 1857; x_wconf 87' lang='lat' dir='ltr'>miseratione</span> <span class='ocrx_word' id='word_1_269' title='bbox 1428 1818 1465 1855; x_wconf 87' lang='lat' dir='ltr'>in</span> <span class='ocrx_word' id='word_1_270' title='bbox 1487 1816 1634 1858; x_wconf 89' lang='lat' dir='ltr'>fontem</span> <span class='ocrx_word' id='word_1_271' title='bbox 1654 1817 1710 1858; x_wconf 83' lang='lat' dir='ltr'>sui</span> 
     </span>
     <span class='ocr_line' id='line_1_31' title="bbox 436 1869 1711 1924; baseline -0.001 -11"><span class='ocrx_word' id='word_1_272' title='bbox 436 1874 603 1913; x_wconf 87' lang='lat' dir='ltr'>nominis</span> <span class='ocrx_word' id='word_1_273' title='bbox 631 1872 705 1912; x_wconf 76' lang='lat' dir='ltr'>ess&#39;e</span> <span class='ocrx_word' id='word_1_274' title='bbox 727 1872 979 1919; x_wconf 80' lang='lat' dir='ltr'>conversam,</span> <span class='ocrx_word' id='word_1_275' title='bbox 1001 1869 1335 1923; x_wconf 83' lang='lat' dir='ltr'>occultiffimisque</span> <span class='ocrx_word' id='word_1_276' title='bbox 1361 1871 1550 1910; x_wconf 82' lang='lat' dir='ltr'>meatibus</span> <span class='ocrx_word' id='word_1_277' title='bbox 1575 1872 1616 1912; x_wconf 90' lang='lat'>&amp;</span> <span class='ocrx_word' id='word_1_278' title='bbox 1641 1884 1711 1924; x_wconf 88' lang='lat' dir='ltr'>per</span> 
     </span>
     <span class='ocr_line' id='line_1_32' title="bbox 429 1923 1714 1978; baseline -0.003 -12"><span class='ocrx_word' id='word_1_279' title='bbox 429 1923 699 1966; x_wconf 80' lang='lat' dir='ltr'>subterraneos</span> <span class='ocrx_word' id='word_1_280' title='bbox 714 1927 920 1965; x_wconf 87' lang='lat' dir='ltr'>cuniculos</span> <span class='ocrx_word' id='word_1_281' title='bbox 931 1955 944 1971; x_wconf 89' lang='lat'>,</span> <span class='ocrx_word' id='word_1_282' title='bbox 961 1937 1008 1964; x_wconf 94' lang='lat' dir='ltr'>ne</span> <span class='ocrx_word' id='word_1_283' title='bbox 1024 1926 1204 1964; x_wconf 86' lang='lat' dir='ltr'>amatoris</span> <span class='ocrx_word' id='word_1_284' title='bbox 1217 1925 1325 1964; x_wconf 87' lang='lat' dir='ltr'>undis</span> <span class='ocrx_word' id='word_1_285' title='bbox 1342 1925 1643 1978; x_wconf 89' lang='lat' dir='ltr'>pollueretur,in</span> <span class='ocrx_word' id='word_1_286' title='bbox 1653 1925 1714 1965; x_wconf 84' lang='lat' dir='ltr'>si.</span> 
     </span>
     <span class='ocr_line' id='line_1_33' title="bbox 433 1977 1712 2034; baseline -0.001 -15"><span class='ocrx_word' id='word_1_287' title='bbox 433 1982 560 2020; x_wconf 88' lang='lat' dir='ltr'>ciliam</span> <span class='ocrx_word' id='word_1_288' title='bbox 575 1980 697 2034; x_wconf 91' lang='lat' dir='ltr'>usque</span> <span class='ocrx_word' id='word_1_289' title='bbox 720 1979 876 2032; x_wconf 83' lang='lat' dir='ltr'>fugifl&#39;e,</span> <span class='ocrx_word' id='word_1_290' title='bbox 892 1979 1121 2031; x_wconf 89' lang='lat' dir='ltr'>tandemque</span> <span class='ocrx_word' id='word_1_291' title='bbox 1136 1980 1173 2017; x_wconf 88' lang='lat' dir='ltr'>in</span> <span class='ocrx_word' id='word_1_292' title='bbox 1189 1991 1232 2018; x_wconf 91' lang='lat' dir='ltr'>ea</span> <span class='ocrx_word' id='word_1_293' title='bbox 1247 1990 1354 2031; x_wconf 88' lang='lat' dir='ltr'>parte</span> <span class='ocrx_word' id='word_1_294' title='bbox 1369 1977 1632 2031; x_wconf 87' lang='lat' dir='ltr'>Syracusanae</span> <span class='ocrx_word' id='word_1_295' title='bbox 1648 1992 1712 2019; x_wconf 86' lang='lat' dir='ltr'>ur-</span> 
     </span>
     <span class='ocr_line' id='line_1_34' title="bbox 434 2031 1713 2088; baseline -0.002 -13"><span class='ocrx_word' id='word_1_296' title='bbox 434 2035 519 2081; x_wconf 85' lang='lat' dir='ltr'>bis,</span> <span class='ocrx_word' id='word_1_297' title='bbox 538 2048 640 2088; x_wconf 88' lang='lat' dir='ltr'>quae</span> <span class='ocrx_word' id='word_1_298' title='bbox 662 2033 834 2086; x_wconf 85' lang='lat' dir='ltr'>Ortygia</span> <span class='ocrx_word' id='word_1_299' title='bbox 849 2034 998 2078; x_wconf 88' lang='lat' dir='ltr'>dicitur,</span> <span class='ocrx_word' id='word_1_300' title='bbox 1020 2045 1157 2086; x_wconf 84' lang='lat' dir='ltr'>magna</span> <span class='ocrx_word' id='word_1_301' title='bbox 1173 2045 1360 2085; x_wconf 86' lang='lat' dir='ltr'>aquarum</span> <span class='ocrx_word' id='word_1_302' title='bbox 1384 2033 1422 2072; x_wconf 91' lang='lat' dir='ltr'>vi</span> <span class='ocrx_word' id='word_1_303' title='bbox 1438 2031 1623 2086; x_wconf 81' lang='lat' dir='ltr'>erupisse,</span> <span class='ocrx_word' id='word_1_304' title='bbox 1644 2033 1713 2074; x_wconf 85' lang='lat' dir='ltr'>Al-</span> 
     </span>
     <span class='ocr_line' id='line_1_35' title="bbox 433 2085 1710 2142; baseline 0.001 -14"><span class='ocrx_word' id='word_1_305' title='bbox 433 2090 656 2142; x_wconf 86' lang='lat' dir='ltr'>pheumque</span> <span class='ocrx_word' id='word_1_306' title='bbox 669 2099 816 2127; x_wconf 86' lang='lat' dir='ltr'>amatae</span> <span class='ocrx_word' id='word_1_307' title='bbox 827 2086 1038 2140; x_wconf 88' lang='lat' dir='ltr'>Nymphae</span> <span class='ocrx_word' id='word_1_308' title='bbox 1053 2085 1234 2126; x_wconf 77' lang='lat' dir='ltr'>desiderio</span> <span class='ocrx_word' id='word_1_309' title='bbox 1247 2087 1383 2126; x_wconf 91' lang='lat' dir='ltr'>eodem</span> <span class='ocrx_word' id='word_1_310' title='bbox 1398 2085 1472 2126; x_wconf 84' lang='lat' dir='ltr'>esse</span> <span class='ocrx_word' id='word_1_311' title='bbox 1484 2085 1710 2130; x_wconf 85' lang='lat' dir='ltr'>insecutum.</span> 
     </span>
     <span class='ocr_line' id='line_1_36' title="bbox 436 2140 1710 2195; baseline -0.002 -13"><span class='ocrx_word' id='word_1_312' title='bbox 436 2143 574 2195; x_wconf 84' lang='lat' dir='ltr'>virgil.</span> <span class='ocrx_word' id='word_1_313' title='bbox 598 2143 651 2181; x_wconf 87' lang='lat' dir='ltr'>Ill</span> <span class='ocrx_word' id='word_1_314' title='bbox 669 2141 767 2181; x_wconf 90' lang='lat' dir='ltr'>Aen.</span> <span class='ocrx_word' id='word_1_315' title='bbox 786 2164 831 2172; x_wconf 94' lang='lat'>—</span> <span class='ocrx_word' id='word_1_316' title='bbox 849 2142 1019 2194; x_wconf 77' lang='lat' dir='ltr'>Alpheum</span> <span class='ocrx_word' id='word_1_317' title='bbox 1027 2140 1129 2192; x_wconf 76' lang='lat' dir='ltr'>fama</span> <span class='ocrx_word' id='word_1_318' title='bbox 1144 2143 1187 2195; x_wconf 85' lang='lat' dir='ltr'>est</span> <span class='ocrx_word' id='word_1_319' title='bbox 1212 2141 1277 2180; x_wconf 81' lang='lat' dir='ltr'>huc</span> <span class='ocrx_word' id='word_1_320' title='bbox 1295 2140 1410 2179; x_wconf 81' lang='lat' dir='ltr'>Elidis</span> <span class='ocrx_word' id='word_1_321' title='bbox 1427 2156 1556 2180; x_wconf 81' lang='lat' dir='ltr'>amnem</span> <span class='ocrx_word' id='word_1_322' title='bbox 1572 2142 1710 2181; x_wconf 85' lang='lat' dir='ltr'>Occul-</span> 
     </span>
     <span class='ocr_line' id='line_1_37' title="bbox 430 2193 1709 2249; baseline -0.001 -13"><span class='ocrx_word' id='word_1_323' title='bbox 430 2209 493 2236; x_wconf 37' lang='lat' dir='ltr'>*tas</span> <span class='ocrx_word' id='word_1_324' title='bbox 515 2196 613 2249; x_wconf 66' lang='lat' dir='ltr'>egffl</span> <span class='ocrx_word' id='word_1_325' title='bbox 627 2197 704 2235; x_wconf 77' lang='lat' dir='ltr'>vias</span> <span class='ocrx_word' id='word_1_326' title='bbox 719 2196 838 2247; x_wconf 85' lang='lat' dir='ltr'>subter</span> <span class='ocrx_word' id='word_1_327' title='bbox 850 2201 962 2244; x_wconf 72' lang='lat' dir='ltr'>mare,</span> <span class='ocrx_word' id='word_1_328' title='bbox 975 2195 1032 2247; x_wconf 78' lang='lat' dir='ltr'>qui</span> <span class='ocrx_word' id='word_1_329' title='bbox 1052 2210 1140 2234; x_wconf 82' lang='lat' dir='ltr'>nunc</span> <span class='ocrx_word' id='word_1_330' title='bbox 1164 2195 1254 2241; x_wconf 83' lang='lat' dir='ltr'>Ore,</span> <span class='ocrx_word' id='word_1_331' title='bbox 1272 2193 1447 2246; x_wconf 79' lang='lat' dir='ltr'>Arethufiz</span> <span class='ocrx_word' id='word_1_332' title='bbox 1459 2224 1472 2240; x_wconf 93' lang='lat'><em>‚</em></span> <span class='ocrx_word' id='word_1_333' title='bbox 1497 2207 1557 2234; x_wconf 87' lang='lat' dir='ltr'>tuo</span> <span class='ocrx_word' id='word_1_334' title='bbox 1578 2196 1709 2236; x_wconf 77' lang='lat' dir='ltr'>Siculis</span> 
     </span>
     <span class='ocr_line' id='line_1_38' title="bbox 432 2246 1709 2301; baseline -0.001 -10"><span class='ocrx_word' id='word_1_335' title='bbox 432 2250 657 2301; x_wconf 67' lang='lat' dir='ltr'>confimditur</span> <span class='ocrx_word' id='word_1_336' title='bbox 672 2250 785 2289; x_wconf 76' lang='lat' dir='ltr'>undis.</span> <span class='ocrx_word' id='word_1_337' title='bbox 800 2249 949 2288; x_wconf 88' lang='lat' dir='ltr'>Verum</span> <span class='ocrx_word' id='word_1_338' title='bbox 966 2249 1057 2288; x_wconf 88' lang='lat' dir='ltr'>haec</span> <span class='ocrx_word' id='word_1_339' title='bbox 1071 2247 1239 2288; x_wconf 83' lang='lat' dir='ltr'>fabulosa</span> <span class='ocrx_word' id='word_1_340' title='bbox 1254 2247 1328 2288; x_wconf 84' lang='lat' dir='ltr'>ess&#39;e</span> <span class='ocrx_word' id='word_1_341' title='bbox 1342 2246 1515 2295; x_wconf 85' lang='lat' dir='ltr'>constat,</span> <span class='ocrx_word' id='word_1_342' title='bbox 1529 2261 1618 2289; x_wconf 91' lang='lat' dir='ltr'>cum</span> <span class='ocrx_word' id='word_1_343' title='bbox 1634 2249 1709 2290; x_wconf 81' lang='lat' dir='ltr'>Al-</span> 
     </span>
     <span class='ocr_line' id='line_1_39' title="bbox 428 2301 1707 2360; baseline -0.001 -16"><span class='ocrx_word' id='word_1_344' title='bbox 428 2305 520 2360; x_wconf 88' lang='lat' dir='ltr'>phei</span> <span class='ocrx_word' id='word_1_345' title='bbox 542 2317 664 2357; x_wconf 89' lang='lat' dir='ltr'>aquae</span> <span class='ocrx_word' id='word_1_346' title='bbox 686 2303 872 2355; x_wconf 86' lang='lat' dir='ltr'>nusquam</span> <span class='ocrx_word' id='word_1_347' title='bbox 897 2302 1184 2350; x_wconf 88' lang='lat' dir='ltr'>absorbeantur,</span> <span class='ocrx_word' id='word_1_348' title='bbox 1204 2313 1247 2342; x_wconf 91' lang='lat' dir='ltr'>ut</span> <span class='ocrx_word' id='word_1_349' title='bbox 1262 2302 1375 2341; x_wconf 89' lang='lat' dir='ltr'>docet</span> <span class='ocrx_word' id='word_1_350' title='bbox 1390 2301 1529 2342; x_wconf 86' lang='lat' dir='ltr'>Strabo</span> <span class='ocrx_word' id='word_1_351' title='bbox 1545 2301 1707 2352; x_wconf 86' lang='lat' dir='ltr'>lib.V1,</span> 
     </span>
     <span class='ocr_line' id='line_1_40' title="bbox 434 2354 1708 2413; baseline -0.003 -13"><span class='ocrx_word' id='word_1_352' title='bbox 434 2360 592 2413; x_wconf 90' lang='lat' dir='ltr'>eiusque</span> <span class='ocrx_word' id='word_1_353' title='bbox 612 2358 748 2397; x_wconf 80' lang='lat' dir='ltr'>ostium</span> <span class='ocrx_word' id='word_1_354' title='bbox 765 2355 959 2396; x_wconf 89' lang='lat' dir='ltr'>manifeste</span> <span class='ocrx_word' id='word_1_355' title='bbox 974 2356 1150 2395; x_wconf 89' lang='lat' dir='ltr'>videatur</span> <span class='ocrx_word' id='word_1_356' title='bbox 1168 2357 1265 2395; x_wconf 85' lang='lat' dir='ltr'>inter</span> <span class='ocrx_word' id='word_1_357' title='bbox 1287 2354 1457 2407; x_wconf 88' lang='lat' dir='ltr'>Ichthyn</span> <span class='ocrx_word' id='word_1_358' title='bbox 1477 2367 1708 2409; x_wconf 85' lang='lat' dir='ltr'>promonto-</span> 
     </span>
     <span class='ocr_line' id='line_1_41' title="bbox 431 2407 1708 2464; baseline -0.004 -10"><span class='ocrx_word' id='word_1_359' title='bbox 431 2415 532 2456; x_wconf 77' lang='lat' dir='ltr'>rium</span> <span class='ocrx_word' id='word_1_360' title='bbox 548 2416 587 2452; x_wconf 71' lang='grc' dir='ltr'>ὅ(</span> <span class='ocrx_word' id='word_1_361' title='bbox 602 2412 818 2452; x_wconf 81' lang='lat' dir='ltr'>Haliartum</span> <span class='ocrx_word' id='word_1_362' title='bbox 838 2411 1037 2463; x_wconf 82' lang='lat' dir='ltr'>oppidum.</span> <span class='ocrx_word' id='word_1_363' title='bbox 1053 2409 1236 2449; x_wconf 92' lang='lat' dir='ltr'>Ceterum</span> <span class='ocrx_word' id='word_1_364' title='bbox 1256 2407 1424 2449; x_wconf 90' lang='lat' dir='ltr'>fabulam</span> <span class='ocrx_word' id='word_1_365' title='bbox 1439 2410 1579 2464; x_wconf 87' lang='lat' dir='ltr'>Alphei</span> <span class='ocrx_word' id='word_1_366' title='bbox 1594 2411 1634 2450; x_wconf 85' lang='lat'>&amp;</span> <span class='ocrx_word' id='word_1_367' title='bbox 1648 2410 1708 2449; x_wconf 84' lang='lat' dir='ltr'>A·</span> 
     </span>
     <span class='ocr_line' id='line_1_42' title="bbox 434 2463 1707 2512; baseline -0.004 -4"><span class='ocrx_word' id='word_1_368' title='bbox 434 2466 609 2509; x_wconf 87' lang='lat' dir='ltr'>rethusae</span> <span class='ocrx_word' id='word_1_369' title='bbox 621 2464 736 2504; x_wconf 84' lang='lat' dir='ltr'>refert</span> <span class='ocrx_word' id='word_1_370' title='bbox 749 2464 869 2504; x_wconf 87' lang='lat' dir='ltr'>Ovid.</span> <span class='ocrx_word' id='word_1_371' title='bbox 885 2465 1042 2503; x_wconf 87' lang='lat' dir='ltr'>Metam.</span> <span class='ocrx_word' id='word_1_372' title='bbox 1059 2465 1112 2512; x_wconf 92' lang='lat' dir='ltr'>V,</span> <span class='ocrx_word' id='word_1_373' title='bbox 1127 2464 1166 2502; x_wconf 81' lang='grc' dir='ltr'>δι</span> <span class='ocrx_word' id='word_1_374' title='bbox 1181 2464 1360 2503; x_wconf 90' lang='lat' dir='ltr'>Lucanus</span> <span class='ocrx_word' id='word_1_375' title='bbox 1378 2465 1460 2503; x_wconf 83' lang='lat' dir='ltr'>eius</span> <span class='ocrx_word' id='word_1_376' title='bbox 1480 2463 1650 2503; x_wconf 89' lang='lat' dir='ltr'>meminit</span> <span class='ocrx_word' id='word_1_377' title='bbox 1665 2464 1707 2503; x_wconf 90' lang='lat' dir='ltr'>in</span> 
     </span>
    </p>
   </div>
   <div class='ocr_carea' id='block_1_3' title="bbox 435 2518 1742 2574">
    <p class='ocr_par' dir='ltr' id='par_1_5' title="bbox 435 2518 1742 2574">
     <span class='ocr_line' id='line_1_43' title="bbox 435 2518 1742 2574; baseline -0.005 -10"><span class='ocrx_word' id='word_1_378' title='bbox 435 2522 493 2564; x_wconf 83' lang='grc' dir='ltr'>ΠΙ</span> <span class='ocrx_word' id='word_1_379' title='bbox 506 2534 515 2563; x_wconf 87' lang='lat'>:</span> <span class='ocrx_word' id='word_1_380' title='bbox 532 2544 577 2553; x_wconf 90' lang='lat'>—</span> <span class='ocrx_word' id='word_1_381' title='bbox 592 2520 795 2574; x_wconf 77' lang='lat' dir='ltr'>Populisque</span> <span class='ocrx_word' id='word_1_382' title='bbox 803 2534 865 2572; x_wconf 85' lang='lat' dir='ltr'>per</span> <span class='ocrx_word' id='word_1_383' title='bbox 880 2533 1026 2573; x_wconf 80' lang='lat' dir='ltr'>aequora</span> <span class='ocrx_word' id='word_1_384' title='bbox 1039 2519 1172 2558; x_wconf 81' lang='lat' dir='ltr'>mittens</span> <span class='ocrx_word' id='word_1_385' title='bbox 1182 2518 1331 2558; x_wconf 71' lang='lat' dir='ltr'>Sicaniis</span> <span class='ocrx_word' id='word_1_386' title='bbox 1343 2518 1503 2572; x_wconf 81' lang='lat' dir='ltr'>Alpheus</span> <span class='ocrx_word' id='word_1_387' title='bbox 1519 2533 1628 2573; x_wconf 85' lang='lat' dir='ltr'>aquas</span> <span class='ocrx_word' id='word_1_388' title='bbox 1643 2538 1705 2558; x_wconf 87' lang='grc'>-.</span> <span class='ocrx_word' id='word_1_389' title='bbox 1741 2548 1742 2551; x_wconf 24' lang='lat'>¹</span> 
     </span>
    </p>
   </div>
  </div>
 </body>
</html>
