1748 3420
437 240 528 286 272
627 218 1513 267 ANNOTATIONES

433 309 709 361 antiquitatum
730 309 808 349 hoc
821 309 942 349 modo
955 309 1139 350 effiaam.
1144 308 1229 349 -filo
1245 311 1400 363 quidem
1424 321 1506 351 erat
1528 309 1725 366 corporis.

432 363 501 401 iux
505 363 617 409 cmii,
645 361 742 402 facie
765 363 952 411 imberbi,
977 376 1065 401 cum
1085 363 1152 402 alis
1176 362 1289 416 supra
1311 376 1445 410 aures,
1464 365 1588 406 nudus
1606 379 1706 406 vero

431 427 562 463 totus,
581 428 849 469 praeterquam
870 417 979 469 quod
998 416 1152 469 pallium
1175 416 1317 456 habere
1341 394 1559 466 videbatur,
1574 419 1705 458 dextra

434 468 670 520 marsupium
686 470 933 515 continebat,
951 470 1057 520 quod
1072 469 1181 523 supra
1198 471 1602 523 caputhirciiacebat:
1624 471 1709 512 smi-
1717 489 1722 494 ·

433 522 510 561 stra
526 536 623 563 vero
634 523 843 563 caduceum
861 523 1116 576 praeterebat:
1139 524 1186 562 ad
1200 526 1314 577 pedes
1325 523 1423 564 illius
1436 526 1561 566 hircus
1575 526 1615 566 δι
1628 525 1708 579 gal-

433 576 496 616 lus
508 575 697 616 suberant.
709 578 801 616 Vid.
818 578 993 616 Macrob.
1008 577 1153 616 COGN.

489 631 571 669 ibid.
583 630 734 679 Ρᾳίβὸον
749 631 852 683 τινὰ)
865 630 928 670 De
943 631 1126 670 Mercurii
1148 630 1258 683 virga
1270 632 1469 672 Homerus
1480 631 1558 672 Od.
1575 645 1617 686 53
1637 645 1709 673 cu-

432 684 494 724 ius
507 685 626 724 verba
640 684 818 737 expressit
833 685 966 737 Virgil.
981 685 1037 723 IV
1054 686 1155 724 Aen.
1173 698 1214 723 v.
1234 699 1328 733 242:
1353 686 1437 725 Tum
1448 687 1578 740 virgam
1591 688 1707 738 capit.-
1711 730 1714 733 Δ

436 740 502 778 luc
513 740 648 778 animas
667 739 722 777 ille
735 750 854 778 evocat
866 754 943 777 orco
964 739 1158 786 Pallentes,
1173 739 1262 777 alias
1276 739 1344 790 sub
1365 740 1456 793 tristi.
1457 757 1471 778 ι
1488 751 1618 780 tartara
1630 742 1709 779 mit-

435 793 499 840 tit,
514 794 595 832 Dat
602 792 742 844 somnos
756 793 951 844 adimitque,
965 793 1000 830 ἁ
1017 793 1147 831 lumina
1159 805 1261 831 morte
1273 798 1425 846 reszgnat.
1438 793 1504 832 Ab
1519 806 1635 834 aurea
1645 807 1710 835 au·

431 857 510 886 tem
521 847 634 899 virga
645 846 766 886 dicius
777 845 831 885 est
846 846 1068 885 Mercurius
1081 846 1353 899 χρυσόῤῥαιπις.
1365 846 1510 887 COGN.
1715 849 1724 854 “

490 903 564 939 ead.
577 879 609 940 lD
613 915 648 954 9.
651 897 1017 962 Ψυχοηωγεῐ))”
1009 913 1078 953 trg.
1093 904 1192 938 Aen.
1209 900 1280 947 lv,
1298 914 1392 949 242:
1413 902 1497 940 Tum
1509 901 1639 954 virgam
1649 917 1708 941 ca-

422 954 510 1006 pit:
525 957 589 993 lzac
600 954 734 994 animas
747 954 801 992 ille
819 966 939 994 evocat
958 968 1035 992 orco
1047 953 1244 1002 Pallentes,
1263 955 1355 994 alias
1367 954 1435 1006 sub
1452 956 1561 1008 trtflia
1573 968 1708 995 tartara

436 1009 549 1048 mittit.
566 1009 727 1047 Homer.
739 1008 814 1047 Od.
833 1009 885 1052 E
902 1021 963 1056 47.
977 1007 1136 1047 SOLAN.

490 1065 562 1100 ead.
581 1062 604 1100 l.
620 1076 634 1101 1
648 1076 679 1100 1.
693 1062 793 1114 Ἐγὼ
811 1085 855 1091 -
873 1061 1018 1113 Esou)
1032 1061 1166 1114 Vulgo
1180 1061 1356 1110 traditur,
1381 1061 1478 1103 hanc
1490 1063 1642 1116 virgam
1658 1063 1728 1103 ab

436 1116 623 1167 Apolline
635 1115 833 1155 Mercurio
851 1114 961 1154 tuisse
971 1116 1167 1163 traditam,
1186 1127 1342 1169 accepta
1355 1117 1403 1155 ab
1427 1129 1477 1156 eo
1494 1095 1594 1168 lyra.
1605 1107 1730 1164 Vide}

437 1172 546 1208 Serv,
559 1169 597 1207 in
612 1169 710 1208 Aen.
727 1169 798 1217 lv,
814 1184 899 1218 242,
914 1169 1038 1209 Lm).

491 1225 527 1261 in
539 1224 654 1316 Scslzol.
670 1224 733 1262 col.
750 1223 1128 1277 1.l.3.1v1a·yo'tsa)L.
1139 1223 1357 1277 μιγάδων.
1373 1224 1434 1265 Sic
1448 1234 1577 1265 tamen
1588 1224 1707 1268 etiam

435 1276 483 1316 C.
498 1277 543 1316 M
598 1287 729 1315 OLAN.

489 1334 564 1370 ead.
581 1331 693 1370 Eam
706 1345 775 1370 τετ
777 1330 887 1384 μγ.)
901 1331 1010 1370 Haec
1026 1331 1183 1371 totidem
1201 1331 1330 1371 verbis
1349 1332 1465 1372 habet
1479 1331 1613 1373 Suidas
1625 1364 1638 1380 ,
1656 1346 1713 1374 ex

435 1398 519 1438 quo
539 1385 800 1424 emendandus
811 1385 864 1424 est
887 1385 1120 1436 Hesychius.
1133 1386 1224 1425 vid.
1238 1387 1288 1425 H.
1303 1385 1483 1439 Stephani
1502 1386 1710 1428 Ind.Thes.

437 1438 479 1477 in
495 1441 658 1492 Μοιγὲις,
675 1452 791 1491 quem
811 1451 882 1478 nec
899 1439 1062 1478 Luciani
1080 1439 1190 1479 locus
1210 1441 1424 1492 praeteriit,
1442 1439 1645 1481 Olearium
1660 1441 1710 1481 ad

435 1493 610 1533 Philostr.
626 1493 710 1532 Vit.
723 1494 840 1546 Soph.
857 1493 896 1539 Ι,
916 1507 953 1545 p.
968 1493 1058 1541 487.
1071 1495 1235 1532 HEMST.

492 1549 585 1600 Pag.
602 1548 664 1587 26.
677 1548 701 1586 l.
715 1561 752 1597 7.
768 1547 805 1586 Ei
819 1547 992 1599 μέμηνα)
1016 1548 1244 1600 Longoliani
1260 1548 1490 1601 exemplaris
1508 1548 1712 1601 ἰὶμέμῃνας

437 1603 669 1654 corrigentis
683 1602 840 1653 ingenio
854 1613 901 1640 an
917 1601 1072 1641 vetusto
1085 1582 1222 1641 Codici
1236 1601 1262 1640 st
1277 1602 1544 1651 tribuendum,
1564 1615 1643 1642 non
1654 1602 1713 1642 sa·

438 1657 490 1695 tis
501 1656 589 1695 mihi
599 1667 713 1708 patet.
721 1655 976 1708 Quamquam
990 1654 1136 1695 sensum
1150 1655 1261 1695 faciat
1273 1669 1352 1695 non
1365 1656 1480 1717 plane
1491 1655 1712 1707 absurdum,

436 1709 595 1763 (parum
613 1711 712 1749 enim
732 1709 856 1749 abess'e
881 1709 1001 1748 videti
1025 1709 1148 1762 potest
1168 1711 1216 1749 ab
1233 1709 1397 1758 insania,
1413 1724 1481 1762 qut
1504 1721 1621 1764 caput
1642 1710 1721 1752 sihi

436 1765 562 1804 securi
585 1764 726 1803 diffindi
742 1762 937 1817 postulat)
952 1765 1078 1803 minus
1097 1775 1225 1804 tamen
1245 1766 1465 1804 verecunde
1481 1764 1557 1804 hoc
1572 1777 1595 1803 a
1612 1765 1712 1804 Vul-

437 1831 541 1858 cano
565 1818 712 1857 dicatur
734 1818 779 1857 ad
802 1818 957 1858 Iovem:
976 1830 1097 1871 quare
1111 1814 1266 1858 lectioni
1290 1818 1470 1872 vulgatae
1487 1818 1626 1859 lubens
1649 1831 1714 1860 ac-

437 1871 608 1926 quiesco.
631 1873 796 1911 HEMST.

495 1928 587 1978 Pag.
604 1940 666 1975 27.
681 1928 752 1965 Ι.2.
767 1925 1063 1979 Μιιιωσεταισε)
1079 1926 1265 1966 Nonnulli
1289 1927 1435 1976 dicunt,
1455 1927 1531 1967 Iov
1533 1939 1594 1966 em
1608 1926 1713 1967 The-

438 1981 554 2020 tidem
576 1993 598 2020 a
612 1979 649 2019 ie
664 1979 941 2033 compressam,
959 1982 1050 2032 quia
1067 1981 1260 2020 metuebat
1276 1980 1343 2021 fibi
1361 1981 1409 2020 ab
1433 1994 1504 2029 eo,
1520 1981 1628 2040 quod
1637 1994 1713 2020 na-

437 2034 623 2081 sectetur,
638 2033 888 2082 absorbuiffe3
908 2045 1024 2087 atque
1037 2045 1080 2074 ut
1093 2034 1238 2074 neceffe
1247 2047 1329 2074 erat
1340 2035 1542 2088 gravidum
1553 2033 1715 2082 fanum,

439 2089 487 2128 ad
503 2101 655 2128 amnem
674 2089 878 2128 Tritonem
898 2087 1091 2142 peperisse.
1104 2087 1180 2128 Cui
1199 2087 1227 2128 st
1246 2087 1358 2129 fidem
1386 2089 1592 2137 habemus,
1611 2101 1713 2142 opus

439 2155 543 2189 erat,
565 2153 609 2182 ut
626 2154 764 2182 venter
783 2142 935 2195 potius,
954 2155 1070 2196 quam
1087 2142 1279 2189 calvaria,
1298 2144 1545 2184 divideretur.
1559 2119 1683 2182 L'tzo.

496 2199 570 2236 ead.
584 2197 608 2237 l.
624 2210 654 2244 5.
665 2198 707 2234 Ti
719 2198 798 2250 γὰρ
812 2212 886 2250 χρη
901 2196 1036 2249 ποιεῖν)
1051 2196 1096 2235 In
1110 2196 1374 2250 Dialogorum
1391 2197 1628 2237 3εἰεᾶοτιιιῐι
1640 2196 1716 2237 edi-

441 2251 551 2290 tione
567 2251 741 2290 dederam
757 2251 875 2298 olim,
894 2252 936 2288 τί
952 2253 1032 2303 γὰρ
1045 2247 1084 2290 οὗ
1101 2265 1179 2304 χρη
1195 2265 1330 2297 ποιειν,
1348 2249 1416 2291 σοῦ
1438 2267 1474 2290 κ.
1492 2251 1597 2303 quod
1609 2250 1716 2305 post·

440 2318 488 2345 ea
502 2315 677 2345 notatum
690 2317 850 2357 quoque
864 2305 989 2357 reperi
1002 2305 1047 2344 ad
1063 2305 1271 2357 marginem
1287 2305 1339 2344 A.
1356 2319 1371 2344 1
1386 2309 1440 2344 IV.
1457 2306 1545 2345 nihil
1554 2307 1599 2358 est
1609 2306 1716 2345 omni-

440 2375 511 2406 no,
528 2361 620 2411 quod
641 2359 717 2411 quis
733 2358 848 2422 fucere
869 2375 938 2397 non
959 2361 1092 2406 debeat,
1117 2371 1146 2398 te
1171 2360 1243 2397 tub
1239 2373 1320 2398 nte:
1343 2359 1503 2399 usitatae
1527 2359 1716 2425 loquendi

438 2412 659 2459 formulae,
680 2413 716 2451 τὶ
733 2428 770 2451 συ
789 2412 928 2460 ποιεῖν;
946 2427 984 2451 τι
1000 2429 1039 2451 ου
1027 2408 1183 2466 <pOe‘yy
1191 2415 1329 2453 εσθαι
1320 2414 1338 2453 ἠ
1353 2414 1507 2465 λέγειν5
1525 2413 1565 2453 τ)
1578 2411 1618 2452 οὗ
1632 2414 1716 2452 πάι-

439 2480 582 2520 σχειν·
573 2495 585 2514 ,
607 2464 684 2506 Etsi
711 2465 836 2505 sensus
858 2467 1010 2519 egregie
1031 2469 1209 2514 constet,
1230 2479 1335 2507 nunc
1354 2479 1506 2513 tamen,
1526 2467 1733 2521 quoniam.

440 2521 593 2562 nullum
606 2520 680 2561 est
673 2532 711 2560 tn
724 2520 956 2561 membranis
971 2520 1196 2570 subsidium,
1213 2520 1408 2574 pristinam
1421 2520 1643 2563 sententiam
1659 2533 1716 2562 re-
