1748 3420
185 209 273 254 IN
320 206 755 253 DIALOGOS
801 206 1187 255 MARINOS.
1228 223 1312 273 375

57 300 236 339 tendebat
246 298 350 352 ,ipso
367 298 431 339 τῆς
441 299 639 352 γερουσίας
653 299 848 338 vocabulo
860 329 872 344 ,
891 299 997 351 quod
1012 299 1225 340 manaverit
1237 298 1316 339 ἀπὸ

51 352 124 392 τοῦ
163 357 265 402 {peon
285 354 325 392 δι
339 354 592 392 reverentiam
608 352 798 405 quandam
814 353 1004 404 dignitatis
1019 353 1178 400 excitet,
1199 365 1320 406 opor-

59 408 115 446 tui
148 419 169 445 e
182 407 359 446 Flaccum
375 407 570 452 deterreri,
581 419 629 445 ne
642 406 747 444 viros
760 405 1037 445 honestiffimos
1048 405 1242 446 servilibus
1256 407 1323 446 fla-

50 460 134 512 gris
148 458 411 499 conscinderet
422 490 435 506 ,
463 459 580 512 iisque
595 459 718 498 modis
735 459 884 510 indigne
899 471 1058 498 vexaret
1069 489 1078 502 ,
1106 460 1246 511 quibus
1272 473 1320 500 ne

55 511 251 552 vilissimos
271 514 423 566 quidem
447 511 787 565 abieffiffimosque
811 513 985 553 homines
1005 513 1157 552 trauari
1182 512 1237 552 fas
1263 512 1322 554 fit.

49 566 222 606 'HEMSR

109 620 198 672 Pag.
220 633 235 658 1
247 629 262 657 1
275 633 287 657 1
298 649 306 658 .
326 621 351 658 l.
365 633 398 658 2.
419 617 490 658 Τῆς
502 616 703 670 μητρυιῖἰς)
719 618 792 657 Ino
804 649 815 664 ,
828 632 926 671 quae
940 618 1075 658 Cadmi
1097 619 1136 658 ὃ(
1150 620 1321 659 Harmo-

55 671 141 712 niae
161 672 258 721 filia,
273 673 313 711 δι
325 673 446 711 Liberi
462 672 576 724 patris
587 685 634 711 ex
646 672 791 711 Semele
805 672 912 711 Iovis
926 671 991 711 filii
1006 674 1158 718 nutrix,
1174 674 1215 713 &
1232 674 1319 713 ideo

56 737 80 764 a
92 726 240 765 Iunone
253 725 401 771 affiifla,
415 739 502 765 cum
514 738 590 778 qua
606 725 790 765 Athamas
803 725 1080 765 Thebanorum
1100 738 1169 765 rex
1187 726 1320 765 secun-

51 780 122 819 ·das
141 780 336 818 contraxit
359 780 526 830 nuptias,
552 777 754 831 postquam
780 779 949 832 Nephele
973 779 1046 832 (ex
1067 792 1142 832 qua
1166 780 1240 818 iam
1258 779 1320 820 ille

55 832 255 884 Phryxum
276 833 315 872 δι
339 832 476 871 Hellen
491 831 724 885 susceperat)
744 833 868 871 Liberi
890 835 1006 885 patris
1028 831 1159 872 furore
1178 834 1320 884 agitata

56 886 98 924 in
112 885 224 925 silvas
239 885 274 925 se
289 886 515 925 contulerat.
537 886 659 933 Haec,
673 899 714 925 ut
733 897 829 932 erat,
843 887 897 924 ita
910 899 1043 925 revera
1056 884 1092 925 se
1106 898 1319 925 novercam

59 938 180 992 geffit,
194 938 467 993 privignosque
479 940 679 978 identidem
691 941 794 992 apud
809 951 953 992 patrem
966 937 1145 978 accusans
1154 952 1204 978 eo
1216 952 1322 978 com-

60 993 170 1045 pulit,
183 1003 226 1032 ut
246 991 452 1032 conscenso
466 1005 584 1032 aureo
599 994 714 1032 ariete
731 992 823 1045 fuga
837 992 902 1031 fibi
919 991 1167 1032 consulerent.
1182 992 1319 1045 Quam

55 1059 140 1085 rem
157 1059 270 1099 aegre
282 1045 512 1086 ferensluno
522 1045 743 1085 Athamanti
754 1046 884 1085 Furias
898 1045 1061 1093 immisit,
1075 1059 1174 1098 quae
1187 1047 1226 1086 in
1239 1057 1325 1085 tan-

57 1109 138 1139 tam
159 1112 249 1139 eum
276 1101 482 1152 adegerunt
501 1100 642 1138 rabiem
656 1131 667 1149 ‚
688 1111 731 1138 ut
751 1113 837 1139 cum
861 1100 934 1138 Ino
954 1101 999 1138 ad
1021 1099 1057 1138 se
1078 1101 1319 1140 accedentem

57 1153 262 1207 aspiceret,
284 1155 380 1192 hanc
403 1154 555 1205 quidem
570 1153 762 1199 leaenam,
785 1152 886 1193 filios
906 1166 1032 1193 autem
1049 1152 1136 1193 suos
1152 1153 1319 1193 eiusdem

56 1207 208 1247 catulos
226 1206 299 1246 effe
311 1207 571 1253 arbitraretur,
582 1219 697 1259 atque
709 1218 859 1260 raptum
873 1207 1084 1247 Learchum
1100 1208 1260 1247 alterum
1273 1221 1323 1246 ex

55 1259 144 1299 filiis
155 1260 244 1299 saxo
258 1259 413 1307 illiserit,
425 1260 523 1299 idem
536 1260 572 1299 in
586 1273 708 1300 uxore
721 1261 941 1314 exemplum
954 1261 1120 1301 editurus
1130 1292 1141 1309 ,
1154 1261 1223 1300 nisi
1237 1261 1297 1300 illa
1308 1291 1322 1307 ,

59 1324 215 1367 arrepto
232 1314 430 1353 Melicerta
446 1314 567 1352 altero
583 1313 686 1361 filio,
701 1327 777 1353 una
791 1328 877 1353 cum
898 1315 965 1354 illo
981 1315 1019 1353 in
1041 1328 1146 1353 mare
1166 1314 1202 1355 se
1221 1315 1322 1354 abie-

59 1367 160 1407 ciffet
174 1396 184 1415 ,
205 1368 271 1406 ubi
285 1367 466 1407 Deorum
480 1366 717 1407 miseratione
737 1368 776 1406 in
791 1368 915 1407 Deam
930 1369 1113 1408 marinam
1133 1369 1185 1407 est
1199 1379 1323 1408 trans-

59 1420 226 1460 formata
237 1450 249 1469 ‚
265 1435 381 1474 quam
394 1421 535 1462 Graeci
551 1422 700 1473 quidem
720 1422 930 1467 Αευκὸθεοιν,
951 1423 1073 1461 Latini
1087 1433 1215 1461 autem
1232 1423 1319 1461 Ma-

60 1485 184 1514 tutam
203 1475 405 1528 appellant.
423 1475 547 1515 Cicer.
559 1474 716 1515 Tuscul.
731 1475 758 1520 1,
777 1475 818 1514 δι
833 1476 894 1514 lib.
906 1475 958 1515 111
970 1477 1015 1515 de
1025 1476 1246 1515 Nat.De0r.
1256 1477 1321 1517 Ino

65 1529 184 1568 Cadmi
189 1530 271 1579 filia
287 1544 394 1567 nonne
406 1529 584 1568 Λευκὸθεαι
602 1529 775 1568 nominata
787 1546 809 1568 a
828 1530 990 1576 Graecis,
1013 1532 1163 1569 Matuta
1184 1532 1319 1569 habetur

61 1598 85 1621 a
100 1583 218 1636 nostris
229 1585 250 1621 ,Ρ
273 1583 491 1622 Melicertes
513 1593 639 1622 autem
653 1583 691 1621 in
704 1583 992 1630 Palaemonem,
1009 1597 1126 1636 quem
1146 1582 1217 1623 nos
1232 1584 1324 1623 Por-

62 1648 182 1675 tunum
198 1637 452 1676 nominamus.
471 1637 583 1675 Hanc
598 1635 787 1675 historiam
803 1636 973 1676 fabulose
987 1636 1121 1676 transsat
1131 1636 1252 1676 Ovid.
1263 1636 1323 1675 Vt

61 1689 93 1728 F
95 1689 157 1729 ast.
170 1689 211 1729 δι
226 1689 280 1728 lV
298 1690 454 1729 Metam.
468 1689 670 1729 Pausanias
685 1691 720 1729 in
735 1691 894 1738 Atticis,
908 1692 1092 1742 Hyginus
1109 1691 1147 1729 in
1157 1691 1323 1742 Mytho-

61 1743 172 1796 logiis
193 1743 269 1783 suis
288 1757 371 1798 cap.
397 1758 429 1793 1,
449 1758 470 1783 2
485 1774 494 1791 ,
509 1759 527 1797 3
544 1745 582 1783 δι
599 1760 646 1792 4,
666 1744 854 1784 Lucienus
873 1744 913 1783 in
927 1744 1208 1798 Epigrammate
1223 1757 1323 1798 quo-

63 1799 161 1837 dam.
183 1797 330 1837 COGN.

61 1872 65 1876 ·
118 1855 190 1891 ead.
207 1853 230 1890 l.
246 1866 277 1902 5.
293 1849 418 1900 Ἐφην)
441 1851 501 1891 Sic
523 1851 684 1891 omnino
699 1851 901 1904 legendum
921 1864 970 1890 ex
990 1850 1062 1892 ΜΓ.
1078 1851 1147 1891 Gr.
1161 1851 1200 1890 P.
1214 1851 1272 1890 ed.
1293 1852 1323 1891 I.

60 1906 104 1943 S.
118 1906 159 1946 δι
170 1907 222 1944 A.
235 1905 296 1945 Sic
309 1906 420 1944 etiam
433 1905 656 1958 Stephanus.
670 1906 759 1946 Edd.
772 1906 940 1958 reliquae
954 1903 1056 1952 ἔφης,
1064 1903 1210 1944 vitiose.
1224 1905 1327 1944 Mox

61 1971 113 1998 ex
129 1958 198 1999 Gr.
213 1958 282 1998 Ms.
299 1960 338 1998 δε
354 1959 392 1998 Ρ.
408 1960 657 2006 addidimusii,
675 1960 781 2012 quod
799 1960 838 1998 in
850 1960 914 1998 lib.
931 1958 1102 1998 deest.V.
1116 1959 1193 1997 ἑκκ.
1208 1971 1241 1997 c.
1258 1971 1325 1997 12:

60 2011 358 2064 ΨΕκτοριέῐὺουσ-ιν
367 2013 400 2051 ἐν
409 2013 515 2061 Ἰλίῳ,
524 2013 586 2051 καὶ
599 2018 665 2064 Hp.
675 2012 900 2064 καταντικρὺ
909 2012 1328 2066 ἑνΧεῤῥονῆσῳ.5οΙ.ΑΝ.

61 2079 63 2081 ·
119 2066 198 2105 ibid.
217 2067 270 2105 Ἐν
288 2066 337 2117 ‘tit'
350 2066 495 2118 Τρῳέιέι
511 2067 543 2106 ἐν
554 2065 601 2114 τῖιῖ
612 2065 837 2120 Χεῤῥονῆσῳ)
851 2066 1036 2106 Ms.iubet
1054 2066 1128 2118 legi
1139 2066 1229 2105 ἀλλ’
1239 2065 1333 2116 ὅπερ

67 2117 150 2168 ἔφην
174 2120 208 2159 ἐν
222 2119 271 2170 τῇ
288 2121 432 2172 ‘sp-pit&
456 2121 474 2159 ii
490 2120 523 2158 ἐν
538 2119 589 2169 τῇ
609 2117 813 2173 Χεῤῥονέισῳ
829 2118 1056 2170 τεθάψεται,
1074 2120 1158 2172 sed,
1179 2133 1217 2158 ut
1230 2120 1329 2166 dixi,

66 2173 105 2210 in
124 2176 155 2212 T
154 2176 253 2213 ratde
265 2203 275 2220 ‚
296 2186 359 2212 aut
379 2176 414 2212 in
439 2173 634 2225 Chersoneso
653 2190 733 2213 mox
744 2174 943 2227 fipelietur:
964 2173 1100 2214 scilicet
1116 2173 1328 2213 Thracica:

69 2226 170 2266 male
184 2227 202 2267 ii
220 2227 258 2266 in
274 2227 382 2267 editis
395 2227 583 2266 omiffum.
599 2227 774 2267 GRAEV.'
789 2228 826 2267 Si
840 2227 905 2267 vel
926 2227 1050 2267 nullus
1066 2226 1235 2266 adfuiffet
1249 2226 1332 2266 Co-

64 2279 144 2319 -dex
155 2310 167 2326 ,
189 2279 416 2333 separandae
431 2280 580 2320 fuerant
594 2281 654 2321 hic
665 2311 676 2327 ,
692 2282 873 2334 particula
887 2280 1014 2320 saltem
1028 2312 1038 2328 ,
1053 2282 1231 2334 regiones
1245 2292 1336 2320 toto

72 2333 326 2386 Hellesponto
340 2334 499 2374 divisae:
519 2334 793 2388 Hellespontus
805 2335 920 2382 enim,
935 2346 978 2374 ut
991 2333 1208 2386 Hesychius
1230 2334 1295 2382 ait,
1311 2331 1330 2374 ἦ

64 2387 221 2437 ’μεταξὺ
234 2388 360 2439 Τροίας
383 2389 446 2427 καὶ
463 2386 679 2440 Χεῤῥονήσου
698 2390 899 2428 Sabarcae·
923 2398 1039 2441 atque
1058 2389 1144 2427 ideo
1162 2387 1307 2441 saepius
1319 2417 1340 2432 ,

71 2440 143 2479 ubi
152 2441 295 2480 Troiae
309 2440 406 2480 faeta
424 2441 496 2481 fuit
509 2442 675 2491 mentio,
697 2444 992 2482 commemorari
1006 2442 1136 2482 videas
1150 2441 1216 2480 τὴν
1232 2442 1335 2479 ἀντι-

70 2494 191 2545 πέραν
210 2495 424 2548 Χεῤῥόιήσογ
439 2494 507 2537 τῆς
527 2495 688 2548 Θρᾴκης·
711 2495 862 2537 Ausim·
883 2508 959 2549 arg.
979 2495 1165 2535 Hecubae
1188 2495 1338 2546 Euripi=

973 2550 1010 2587 Α
1024 2562 1044 2588 a
1074 2565 1096 2587 ,ι
