1748 3420
139 216 225 262 IN
271 211 712 262 DIALOGOS
773 209 1133 258 DEORUM.
1185 225 1271 276 255

32 323 37 328 ·
63 307 134 344 ead.
148 305 171 342 l.
184 317 220 353 7.
229 296 388 355 ‘H“fl5›0e)
401 302 540 342 Iunoni
555 302 590 340 id
613 302 750 340 iterum
769 299 942 339 adscribit
962 300 1204 339 Lucianush.
1227 306 1276 338 Δ.

12 358 100 398 vll.
114 357 282 397 Ovidius
304 357 428 404 aliter,
443 356 543 407 apud
564 367 680 406 quem
698 354 870 407 Iuppiter
895 353 971 406 ipse
988 354 1146 393 Iunonis
1166 364 1275 393 metu

10 412 56 453 Io
81 413 121 450 in
139 422 296 449 vaccam
311 421 447 448 mutat.
462 409 618 448 SOLAN.

63 466 136 503 ead.
151 463 178 501 l.
198 477 213 501 1
226 475 257 514 ς.
271 458 390 501 ’Ἔστω
409 463 510 514 δέος)
526 462 586 501 Sic
599 459 701 498 Dial.
715 459 863 499 Noti&
877 459 994 512 Zeph.
1006 460 1177 499 BOURD.

63 517 143 556 ibid.
162 518 227 555 Τὸν
244 515 368 555 Νεῖλον
381 514 576 568 ἀναγέτω)
589 513 688 552 Vide
703 516 786 551 Μεν.
799 525 880 565 cap.
905 527 929 565 9
939 542 952 559 ,
969 514 1049 565 περὶ
1061 513 1274 567 ἀναγωγὴν

15 568 257 624 ἐγιγνόμεθα·
275 569 315 607 &
329 567 422 608 Baif.
446 581 512 620 50,
535 581 566 605 1.
586 566 725 606 Noster
744 566 855 604 ctiam
872 565 995 617 Ἀλεξ.
1017 579 1051 605 c.
1077 580 1128 614 44
1145 568 1275 605 malou

12 615 248 674 ἂναγομένου
274 620 445 675 usurpat.
467 620 539 659 Sed
557 632 639 659 vox
662 618 818 670 ἀνάγειν
845 619 945 671 apud
969 619 1115 658 nullum
1135 649 1145 666 ‚
1169 620 1276 672 quod

8 676 163 728 quidem
180 674 294 714 sciam
307 704 318 722 ,
338 675 384 713 de
398 675 470 713 hac
484 686 526 712 re
538 672 718 725 usurpata
734 673 938 712 invenitur.
950 671 1067 711 Certe
1082 683 1160 711 non
1175 675 1277 724 apud

13 728 260 770 Plutarchum
273 728 318 767 de
331 727 437 772 ΡΙειε.,
445 726 537 766 Phil.
557 726 632 772 IV,
647 739 684 772 ι,
701 735 768 764 aut
786 726 1048 772 Herodotum,
1069 725 1114 764 de
1128 725 1205 763 Nili
1220 727 1277 763 in-

13 792 211 823 cremento
229 780 564 831 scribentes.Virg.
584 779 682 818 Aen.
698 779 774 824 IX,
797 791 858 831 31,
877 780 958 818 Cum
978 779 1089 830 refluit
1103 780 1230 831 campis
1242 780 1276 818 Ee

10 835 126 887 iamse
145 835 294 875 condidit
311 834 418 873 alveo.
433 833 588 873 SOLAN.
604 831 704 871 Nihil
725 831 778 871 est
796 832 1053 883 quaerendum
1069 861 1079 880 ‚
1103 842 1277 884 praeter-

14 901 131 941 quam
152 888 259 942 quod
280 888 504 939 interpretes
528 886 710 925 dederunt
722 915 734 931 ‚
748 885 898 923 attollere
911 886 1055 924 Nilum.-
1074 886 1218 939 efficere,
1237 898 1277 924 u:

13 943 124 984 Nilus
140 944 303 981 exundet.-
321 942 443 980 rarior
456 939 608 993 ‘quidem
631 938 743 985 usus,
765 937 825 978 sed
843 939 909 991 qui
925 951 1013 977 cum
1032 939 1187 991 ingenio
1205 939 1278 977 lin-

15 1008 112 1048 guae
126 995 298 1036 Graecae
320 992 475 1046 prorsus
488 992 676 1045 congruit.
698 992 774 1031 Nili
797 990 976 1036 ἀναβάσει
991 991 1055 1032 vel
1078 991 1275 1044 ἁναχύο-ει

15 1048 88 1089 lfin
100 1048 265 1100 praeeffe
281 1048 490 1087 voluerunt
506 1045 717 1099 Aegyptii;
736 1046 854 1085 immo
867 1045 1030 1085 lacrimis
1041 1045 1136 1093 eius,
1151 1059 1276 1099 quan-

15 1103 66 1142 do
89 1101 278 1142 Ofiridem
302 1101 448 1154 plorat,
467 1099 619 1139 aueum
643 1099 807 1138 fluvium
826 1099 1028 1139 exundare.
1045 1098 1197 1139 Pausan.
1214 1101 1277 1146 X,

45 1184 54 1194 .
67 1155 139 1194 881
156 1171 164 1195 ε
188 1155 253 1194 καὶ
278 1154 348 1194 τῶν
367 1155 577 1206 ἐπιχωρίων
592 1152 747 1192 πολλοῖς
761 1153 861 1194 ἐστὶν
879 1152 1043 1204 εἰριιμένοι
1054 1183 1067 1199 ,
1081 1150 1128 1191 ὥς
1142 1155 1195 1191 τὺ,
1207 1153 1277 1192 αὕ-

15 1168 133 1261 ἓοντοι
155 1210 220 1248 τον
238 1210 410 1258 ποταμον
431 1208 495 1246 καὶ
520 1204 644 1259 ἄρδειν
665 1208 740 1246 τὰς
760 1205 909 1258 ἀρούραις
927 1204 1105 1248 ποιοῦντα
1122 1205 1274 1259 antapodo

15 1263 97 1304 ἐστι
111 1259 339 1302 τῆςἼοιέος.
355 1262 517 1300 ΗΕΜςτ.

68 1316 158 1368 Pag.
177 1329 213 1365 7.
234 1316 258 1354 l.
273 1329 306 1355 1.
321 1313 530 1367 'Avae'rc0)
543 1312 584 1352 Id
598 1313 670 1362 est,
691 1326 794 1364 regat.
806 1312 975 1354 GUYET.

71 1369 150 1408 ibid.
161 1367 250 1408 Τοὺς
262 1368 414 1418 ἀνέμους
432 1368 703 1419 ἐπιπεμπέτω)
716 1367 889 1414 Memini,
905 1381 992 1407 cum
1006 1368 1169 1421 placeret
1184 1369 1274 1408 ἀπο-

16 1422 203 1473 πεμπέτω
214 1453 227 1469 ,
250 1435 366 1461 ventos
387 1421 467 1460 five
484 1422 652 1472 procellas
674 1422 708 1459 δ’
728 1423 928 1473 tempestates
946 1434 1100 1462 avertat:
1121 1421 1275 1472 ἀνέμους·

16 1476 68 1516 ita
82 1475 177 1516 sumi
190 1488 326 1515 notum
341 1475 405 1514 est.
423 1475 536 1514 Nunc
556 1476 752 1527 vulgatam
776 1474 974 1514 leetionem
996 1476 1141 1528 probo:
1158 1489 1276 1515 ventos

11 1529 179 1582 secundos
192 1546 234 1569 ac
243 1529 388 1581 ferentes
406 1529 576 1567 immittat.
595 1528 844 1579 Ἐπιπέμπειν
858 1528 903 1568 de
917 1528 1002 1567 Diis
1016 1530 1054 1568 in
1069 1541 1275 1582 utramque

9 1594 166 1646 ‘partem
177 1582 402 1636 usurpatur3
419 1582 526 1622 velut
538 1582 636 1634 apud
654 1581 832 1634 Xenoph.
852 1582 985 1635 Symp.
999 1596 1035 1636 p.
1054 1596 1125 1633 522
1135 1612 1145 1629 ‚
1160 1596 1198 1623 v,
1213 1586 1274 1636 13.

27 1642 103 1690 Ηροι
115 1637 327 1687 ἐπιπέμπει
341 1637 495 1686 ἀνέμους
507 1636 631 1675 Schol.
648 1635 778 1686 Apoll.
797 1635 871 1674 Rh.
891 1637 928 1674 in
940 1636 1034 1688 Arg.
1055 1637 1119 1675 lib.
1136 1636 1207 1676 IV.
1221 1637 1275 1690 ὅρ-

15 1693 97 1742 μᾰς
112 1691 265 1744 ἀγαθὰς
281 1689 512 1740 ἐπιπέμπειν
529 1689 639 1729 Dion
660 1688 796 1740 Chrys.
821 1703 856 1742 p.
874 1703 915 1742 13
938 1689 986 1728 C.
1001 1691 1074 1729 350}
1090 1691 1164 1729 &cz
1185 1691 1274 1729 ὂνεί-

16 1758 97 1797 ρους
108 1745 172 1795 μοὶ
187 1744 444 1793 ἐπιπέμπουσι
458 1744 578 1795 Long.
589 1742 731 1782 Pastor.
746 1742 819 1791 IV,
838 1756 921 1795 pag.
939 1755 1023 1794 145.
1041 1742 1190 1782 Contra
1205 1744 1274 1785 δέη

20 1801 151 1838 πολλὰ
163 1797 229 1836 καὶ
243 1796 424 1837 κινὲὑνους
438 1796 452 1835 ὃ
469 1799 552 1838 δέος
565 1797 774 1846 ἐπιπέμπει
791 1796 870 1835 τοῖς
885 1796 1060 1836 ἀδικοῦσι
1075 1796 1164 1848 Lys.
1185 1811 1272 1850 pag.

25 1864 121 1903 105,
145 1866 185 1892 v.
209 1866 245 1905 9.
274 1850 364 1890 θεῶν
391 1850 505 1890 sinac
527 1849 816 1900 ἐπιπεμπὸντων
845 1850 921 1888 τοῖς
951 1850 1096 1890 &sinam
1120 1852 1273 1891 Zaleuc.

21 1903 198 1945 Prooem.
215 1905 287 1945 LL.
304 1905 404 1957 apud
418 1904 524 1943 Stob.
537 1918 573 1957 p.
589 1918 676 1957 279.
691 1903 891 1943 Demosth.
903 1904 941 1942 in
957 1904 1128 1943 Timocr.
1144 1920 1178 1958 p.
1195 1920 1271 1957 792

21 1958 71 1998 A.
81 1959 140 1998 Sic
151 1959 295 1998 Hecate
305 1959 368 1997 vel
379 1958 539 2011 Empusa
549 1959 752 2007 φάο-ματα
762 1958 895 1997 dicitur
907 1959 1151 2008 ἐπιπέμπειν,
1161 1959 1274 1998 Dion

20 2011 161 2064 Chrys.
176 2026 212 2065 p.
227 2027 290 2066 73.
304 2012 474 2063 Hesych.
492 2013 748 2063 ἰηἝμπουο-οι·
764 2011 889 2051 Schol.
904 2012 1033 2064 Apoll.
1050 2012 1124 2051 Rh.
1138 2014 1185 2052 ad
1200 2013 1275 2060 III,

23 2064 112 2105 860.
126 2066 212 2107 hinc
225 2065 547 2119 quemadmodum
563 2066 814 2116 ἀποπομπαὶ,
832 2064 882 2104 fic
898 2065 936 2104 8<
950 2066 1185 2115 ἐπιπομπαὶ,
1201 2080 1275 2106 ma-

23 2119 150 2159 lorum
163 2120 440 2160 morborumve
457 2118 718 2165 immiffiones,
738 2132 905 2171 quorum
918 2119 1047 2159 causas
1061 2121 1178 2171 geniis
1192 2134 1275 2159 ma-

24 2172 142 2213 leficis
159 2173 436 2226 hominumque
457 2173 615 2212 inimicis
633 2172 906 2212 adscribebant:
929 2186 978 2212 eo
1000 2173 1112 2226 ρειξὶο
1137 2174 1277 2214 intelli-

26 2227 187 2280 gendum
202 2228 241 2266 in
255 2226 433 2266 Dioscor.
454 2227 571 2267 Noth.
586 2240 670 2280 pag.
683 2228 760 2276 476
775 2227 825 2267 G.
847 2226 922 2275 478
938 2227 979 2266 E.
996 2241 1096 2280 quae
1110 2238 1274 2281 utraque

25 2281 153 2321 verbis
166 2281 292 2321 iisdem
305 2281 483 2334 leguntur
496 2281 535 2319 in
555 2294 604 2320 eo
625 2284 739 2333 poeta
753 2281 798 2319 de
817 2281 902 2320 Vir.
919 2281 1037 2320 Herb.
1055 2294 1171 2334 quem
1188 2281 1273 2334 post

28 2333 169 2374 Aldum
181 2336 388 2375 recentavit
402 2335 431 2374 I.
450 2334 499 2373 A.
515 2335 658 2374 Fabric.
672 2335 715 2373 B.
737 2334 787 2374 G.
807 2334 883 2381 111,
898 2347 931 2374 c.
952 2335 1023 2382 26,
1039 2349 1078 2374 v.
1094 2350 1163 2382 22,
1184 2335 1270 2386 165.

27 2387 82 2427 ibi
94 2418 107 2434 ,
126 2389 216 2441 quid
228 2388 296 2428 fibi
311 2388 429 2428 velint
443 2389 656 2441 interpretis
667 2404 829 2442 pompae,
848 2401 982 2436 nemo,
1004 2390 1119 2428 credo
1131 2420 1141 2433 .
1162 2388 1272 2428 facile

29 2443 159 2494 capiet.
176 2443 256 2482 Iam
277 2455 357 2482 non
377 2441 579 2482 obscurum
601 2442 676 2490 est,
695 2442 1012 2494 quemadmodum
1030 2441 1097 2481 Ifis
1117 2442 1273 2492 ἀνέμους

29 2495 340 2549 ἐπιπέμπεινάἰεί
361 2496 493 2550 poffit:
514 2509 602 2536 nam
614 2496 661 2536 ad
675 2495 772 2537 illius
794 2509 951 2549 quoque
964 2509 1092 2536 curam
1114 2497 1154 2535 δε
1169 2506 1273 2541 tute-⁴
