1748 3420
430 225 520 275 5m
617 202 1490 251 ANNoTATtoNEs

426 299 635 337 Poetarum
648 294 715 335 usu
730 293 816 333 Ζεὺς
823 306 1030 334 commune
1042 292 1148 345 quasi
1160 293 1277 333 trium
1291 292 1453 333 fratrum
1466 305 1608 334 nomen
1616 293 1695 334 Ne··
1743 292 1748 340 .‘

425 362 553 401 ptuno
565 351 677 389 etiam
692 347 922 400 Plutonique
933 347 1128 394 tribuitur,
1140 360 1184 386 ac
1193 347 1301 386 velut
1314 348 1461 399 imperii
1474 361 1516 387 ac
1529 347 1698 388 maiesta·
1743 349 1746 354 “

427 404 477 442 tis
490 404 605 441 habet
618 401 954 455 significationem:
980 399 1133 439 Pausan.
1152 400 1209 447 11,
1225 413 1307 452 pag.
1325 401 1416 447 166,
1433 401 1478 440 de
1493 401 1698 454 Neptuno,
1746 408 1748 423 ἱ

426 458 535 508 quod
546 455 766 494 insolentius
780 454 848 503 est,
863 454 993 493 testem
1007 454 1132 493 laudat
1145 453 1399 505 Aeschylum:
1414 465 1529 506 atque
1543 455 1597 492 ita
1609 453 1700 494 Do-

427 510 481 549 ris
497 510 674 549 Simmiae
687 508 844 547 Rhodio
862 507 1108 557 κυμοκτὺπων
1117 502 1206 559 ‘'sz
1223 505 1336 547 ἇλίων
1345 506 1499 558 μυχῶν,
1511 507 1644 560 praeses
1659 507 1697 546 δ’

429 564 579 602 άοηιὶηα,
594 563 695 615 apud
710 560 913 614 Hephaest.
935 574 1019 613 pag.
1037 574 1099 613 43.
1114 560 1242 599 Eidem
1257 561 1447 613 eleganter
1459 561 1499 599 in
1511 560 1639 612 Suppl.
1654 574 1698 601 v,

429 630 531 668 239,
554 618 639 654 Ζεὺς
658 617 776 654 σίλλος
798 615 910 654 Pluto
932 615 1081 660 dicitur,
1101 614 1167 666 qui
1191 614 1236 653 de
1252 614 1427 653 manibus
1446 614 1696 653 decretoriam

430 670 658 722 pronuntiat
668 669 888 708 sententiam
899 668 1071 720 :Tragici
1085 680 1250 707 mentem
1263 668 1436 719 improba
1446 666 1599 707 Stanleii
1611 679 1699 707 ver-

430 723 488 762 sio
499 722 729 762 obfuscavit.
745 721 922 761 Barthius
935 733 1060 760 autem
1073 721 1119 759 ad
1136 720 1227 760 Stat.
1243 721 1317 760 Th.
1330 720 1379 768 11,
1394 734 1458 772 49,
1474 721 1537 760 ubi
1549 721 1696 774 nigrum,

431 779 609 829 Stygium,
624 777 815 814 T.z·t.1renm
828 776 938 813 Iovem
950 774 1125 820 illustrat,
1141 773 1297 814 istorum
1314 774 1470 814 Luciani
1484 775 1698 814 verborum

430 843 514 869 non
540 830 613 868 i'uit
634 830 788 868 oblitus.
820 828 978 880 Egregia
998 841 1097 867 vero
1118 840 1164 866 ex
1177 828 1424 880 Pythagorae
1441 827 1528 866 disci
1559 827 1634 866 lina
1652 828 1700 868 de

433 884 587 923 duobus
603 883 895 934 hemisphaeriis.
912 895 1080 934 quorum
1097 881 1298 933 superioris
1311 881 1512 934 imperium
1541 892 1569 920 it
1583 893 1700 934 penes

432 949 563 989 regern
584 937 714 976 lovem
728 968 738 983 ‚
757 936 797 974 &
814 937 984 988 reginam
998 934 1185 974 Iunonem
1199 966 1209 982 ‚
1225 935 1416 975 inferioris
1437 947 1550 987 penes
1563 934 1698 975 Ditem

432 990 569 1030 Iovem
587 989 776 1029 infernum
790 1022 800 1036 ‚
813 990 854 1029 ἃ
868 988 1131 1040 Proserpinam
1151 989 1339 1028 Iunonem
1354 988 1555 1036 infernam,
1570 1001 1700 1028 anno-

434 1045 535 1083 tavit
551 1044 673 1082 Lutat.
688 1045 733 1082 ad
747 1043 838 1082 Stat.
852 1043 926 1091 IV,
946 1057 1037 1094 5273
1059 1056 1158 1095 quae
1173 1044 1216 1082 de
1233 1043 1352 1095 plenis
1365 1042 1487 1082 Servii
1501 1054 1701 1081 commen-

435 1098 541 1135 tariis
554 1104 600 1135 ad
613 1098 710 1136 Aen.
728 1097 784 1135 VI
797 1128 806 1138 ,
835 1110 848 1134 ι
860 1097 905 1148 38
919 1127 930 1141 ‚
953 1096 1026 1136 effe
1049 1108 1201 1149 promta
1214 1096 1398 1149 suspicor:
1424 1095 1451 1134 si
1467 1094 1702 1142 contuleris,

434 1163 537 1202 quae
548 1149 842 1190 observavimus
854 1150 899 1188 ad
911 1164 946 1201 p.
958 1150 1006 1188 88
1024 1151 1046 1188 l.
1060 1164 1097 1202 9,
1112 1149 1217 1189 facile
1232 1149 1378 1189 constet
1388 1179 1397 1193 ,
1413 1149 1512 1189 unde
1525 1149 1703 1190 Socrates

435 1203 600 1243 hauserit
611 1205 724 1242 στόλον
739 1201 974 1255 σφαιροειδῆ,
987 1198 1032 1241 οὗ
1042 1209 1083 1241 τὸ
1089 1203 1155 1253 μὲν
1166 1202 1279 1254 ἕτερον
1294 1201 1519 1254 ἧμισφοιίριον
1530 1202 1604 1242 θεοὶ
1618 1202 1702 1243 ἕλοι·

434 1270 513 1309 χον
531 1258 558 1295 σι’
573 1254 734 1308 οὐράνιοι,
744 1261 785 1294 τὲ
797 1256 841 1296 δὲ
855 1253 970 1309 ἕτερον
985 1258 1012 1296 οὶ
1025 1254 1204 1309 ὑπειέρθεν
1215 1258 1314 1309 apud
1325 1255 1502 1295 Aeschin.
1514 1255 1702 1304 Βί31.1Π,

435 1324 474 1363 p.
498 1312 582 1349 162.
597 1313 744 1351 Verum
760 1311 963 1356 Lucianus‚
977 1324 1064 1350 cum
1079 1310 1323 1350 Protesilaum
1341 1311 1399 1349 hic
1413 1310 1598 1349 dicentem
1613 1309 1703 1349 facit

436 1362 591 1416 ᾖμετερε
602 1363 681 1411 Ζεῦ,
701 1365 908 1416 principem
926 1368 1125 1416 poetarum
1139 1365 1283 1417 tetigit,
1305 1365 1417 1404 ciiius
1429 1363 1480 1402 est
1502 1363 1593 1412 11.1‚
1608 1377 1702 1416 457,

436 1417 526 1458 Ζεύς
538 1433 580 1457 τε
593 1418 842 1472 καταχθῖνιος
853 1418 915 1456 καὶ
928 1419 1060 1457 ἐπαινὴ
1075 1420 1327 1469 Περσεφόνεια.
1352 1419 1522 1457 HEMST.

491 1474 564 1510 ead.
577 1472 599 1509 l.
616 1485 672 1517 19.
693 1471 896 1522 Φυλάκιος)
910 1472 946 1509 A
962 1476 1130 1519 Φυλάκῃ,
1147 1475 1343 1511 Φυλάκιος.
1363 1472 1465 1511 unde
1484 1471 1705 1510 &spumeas-

436 1523 521 1564 sm.
536 1526 613 1564 Vid
635 1525 811 1577 Stephan.
832 1524 900 1565 Gu
909 1536 1000 1564 YET.
1024 1525 1062 1564 A
1075 1525 1244 1577 Phylace
1265 1526 1358 1564 urbe
1373 1524 1600 1564 Phthiotidis
1620 1537 1704 1565 non

437 1579 576 1632 procul
585 1579 880 1632 aThebis‚quae
894 1590 1021 1618 tamen
1030 1580 1128 1618 inter
1140 1578 1236 1618 fines
1248 1579 1457 1618 Thelialiae
1465 1594 1478 1627 3
1495 1578 1594 1617 unde
1610 1591 1707 1618 non-

435 1645 637 1684 nunquam
650 1634 752 1683 apud
768 1635 868 1672 hunc
881 1631 1077 1672 auctorem
1091 1633 1268 1684 Tr'zeffalus
1281 1644 1448 1672 vocatur
1463 1631 1704 1673 Protesilaus.

437 1685 560 1724 LEED.
574 1685 645 1725 ΜΓ.
661 1686 739 1727 Ox.
750 1687 928 1725 Φινάκιος.
943 1685 1014 1725 Sed
1030 1687 1151 1739 proba
1163 1686 1396 1737 vulgata.V.
1407 1686 1450 1726 11.
1463 1691 1501 1734 B,
1511 1687 1602 1740 695,
1613 1685 1705 1738 698.
1747 1703 1748 1713 ¹

436 1738 648 1779 Thessaliae
662 1741 754 1780 urbs
774 1740 964 1791 Phylace:
988 1740 1075 1779 hinc
1094 1742 1190 1779 inter
1205 1739 1417 1780 Thessalica
1439 1741 1553 1779 etiam
1566 1771 1576 1788 ,
1601 1751 1704 1780 certe

435 1794 654 1845 appendicis
667 1794 770 1841 loco,
787 1795 823 1833 iri
837 1794 944 1846 Ὀρχ.
958 1793 1206 1833 Protesilaum
1226 1793 1390 1833 recenset
1402 1793 1540 1834 Noster
1553 1807 1584 1833 c.
1602 1808 1647 1846 52
1662 1794 1704 1834 &

440 1860 500 1898 53.
517 1847 675 1886 SOLAN.
700 1847 853 1887 Gentile
875 1846 1124 1895 Φυλαεωὸσιος,
1149 1847 1471 1900 quemadmodum
1489 1845 1702 1896 Ἰθακήσιος,

434 1898 548 1952 fingit
563 1899 792 1951 Stephanus:
809 1902 895 1940 vide
908 1901 1114 1940 Burmanni
1131 1901 1251 1941 Catal.
1264 1901 1412 1954 Argon.
1431 1902 1469 1940 in
1482 1902 1636 1954 Iphiclus
1649 1902 1705 1940 al·-

434 1965 495 1992 ter.
515 1955 551 1993 A
566 1956 764 2002 Φυλέικιος,
783 1955 847 1994 vel
866 1955 995 2006 potius
1007 1954 1227 2000 Φυλακεῖος,
1247 1964 1312 1993 aut
1332 1956 1524 1994 Φυλακεὺς
1536 1955 1702 1995 nascitur

434 2008 640 2058 Apollonii
654 2014 842 2048 Φυλακηϊς
854 2008 1004 2060 Argon.
1015 2007 1046 2055 Ι,
1057 2022 1120 2056 47.
1136 2009 1350 2060 Antiqiium
1361 2008 1545 2060 Phylaces
1560 2021 1703 2049 nomen

435 2060 561 2101 abiisse
573 2074 609 2100 in
623 2062 752 2105 Θήβας
765 2064 836 2101 τὰς
847 2061 1050 2113 ’Amison
1060 2061 1186 2102 scribit
1198 2061 1478 2102 Dicaearchus:
1496 2063 1561 2101 καὶ
1574 2058 1704 2108 omae

434 2117 509 2154 τὰς
526 2115 727 2168 Ἀχκιῖὃας
741 2116 910 2167 πρότερον
927 2117 1100 2155 Φυλάκην
1114 2118 1355 2165 καλουμένην,
1375 2116 1447 2156 ὅθεν
1468 2109 1505 2156 {iv
1519 2116 1583 2154 καὶ
1604 2121 1706 2168 Πρω-

433 2170 625 2208 τεσίλαος·
650 2182 786 2208 verum
812 2168 988 2221 utrasque
1008 2168 1079 2208 situ
1103 2182 1230 2208 tamen
1256 2170 1494 2223 propinquas
1513 2168 1703 2222 distinguit

432 2222 574 2262 Strabo
591 2222 657 2269 IX,
676 2224 792 2274 p.661
811 2222 857 2262 C.
870 2223 947 2271 664
962 2222 1007 2262 C.
1026 2224 1132 2263 Haec
1144 2222 1211 2269 est,
1225 2225 1333 2262 cuius
1345 2223 1558 2276 Stephanus
1570 2225 1701 2263 memi-

433 2276 504 2322 nit,
520 2272 622 2320 Θῆβη
638 2290 743 2327 arpi-tn
759 2279 980 2315 Θεσσαλίας
998 2274 1065 2316 τῆς
1079 2276 1284 2316 Φθιώτιδος.
1302 2277 1546 2317 Protesilaum
1568 2288 1700 2317 autem

432 2342 520 2370 cum
542 2332 680 2382 poetae
699 2341 843 2370 vocant
857 2329 1086 2380 Phylaciden
1099 2362 1110 2379 ‚
1130 2344 1210 2370 non
1231 2331 1279 2369 ab
1294 2331 1437 2384 oppido
1459 2331 1611 2370 ductam
1625 2331 1701 2372 esse

432 2383 531 2423 hanc
541 2383 850 2434 appellationem,
868 2382 927 2422 sed
943 2385 989 2422 ab
1002 2397 1092 2431 avo,
1114 2395 1261 2436 praeter
1278 2383 1440 2424 formam
1457 2385 1701 2438 patronymi-

432 2449 517 2476 catn
533 2436 703 2488 syllabae
723 2438 866 2489 primae
881 2437 1071 2488 quantitas
1085 2438 1131 2476 ab
1148 2439 1324 2478 Homero
1345 2438 1489 2491 signata
1507 2438 1546 2477 11.
1559 2443 1581 2477 B
1593 2469 1604 2484 ,
1619 2452 1701 2488 700

433 2490 476 2533 &
490 2503 584 2546 705,
597 2489 793 2533 manifesto
807 2490 1048 2537 demonstrat.
1071 2490 1189 2546 Quae
1204 2493 1280 2533 huc
1294 2490 1482 2547 speetant,
1498 2492 1620 2533 multa
1634 2492 1701 2542 <la-2
