<?xml version="1.0" encoding="UTF-8"?>
<!DOCTYPE html PUBLIC "-//W3C//DTD XHTML 1.0 Transitional//EN"
    "http://www.w3.org/TR/xhtml1/DTD/xhtml1-transitional.dtd">
<html xmlns="http://www.w3.org/1999/xhtml" xml:lang="en" lang="en">
 <head>
  <title>
</title>
<meta http-equiv="Content-Type" content="text/html;charset=utf-8" />
  <meta name='ocr-system' content='tesseract 3.04.00' />
  <meta name='ocr-capabilities' content='ocr_page ocr_carea ocr_par ocr_line ocrx_word'/>
</head>
<body>
  <div class='ocr_page' id='page_1' title='image "./operagraeceetlat02luciuoft_0368.png"; bbox 0 0 1748 3420; ppageno 0'>
   <div class='ocr_carea' id='block_1_1' title="bbox 456 221 1514 290">
    <p class='ocr_par' dir='ltr' id='par_1_1' title="bbox 456 221 1514 290">
     <span class='ocr_line' id='line_1_1' title="bbox 456 221 1514 290; baseline -0.02 1"><span class='ocrx_word' id='word_1_1' title='bbox 456 242 546 290; x_wconf 58' lang='lat' dir='ltr'>3m</span> <span class='ocrx_word' id='word_1_2' title='bbox 652 221 1514 270; x_wconf 77' lang='lat' dir='ltr'>ANNOTATIONES</span> 
     </span>
    </p>
   </div>
   <div class='ocr_carea' id='block_1_2' title="bbox 452 309 1727 2563">
    <p class='ocr_par' dir='ltr' id='par_1_2' title="bbox 452 309 1727 2563">
     <span class='ocr_line' id='line_1_2' title="bbox 452 309 1711 364; baseline 0 -13"><span class='ocrx_word' id='word_1_3' title='bbox 452 313 652 363; x_wconf 85' lang='lat' dir='ltr'>adiungam</span> <span class='ocrx_word' id='word_1_4' title='bbox 662 342 673 359; x_wconf 92' lang='lat'>,</span> <span class='ocrx_word' id='word_1_5' title='bbox 691 310 771 350; x_wconf 81' lang='lat' dir='ltr'>five</span> <span class='ocrx_word' id='word_1_6' title='bbox 787 311 906 364; x_wconf 80' lang='lat' dir='ltr'>magis</span> <span class='ocrx_word' id='word_1_7' title='bbox 920 309 1152 350; x_wconf 83' lang='lat' dir='ltr'>Scholiasten</span> <span class='ocrx_word' id='word_1_8' title='bbox 1166 310 1436 362; x_wconf 81' lang='lat' dir='ltr'>Lycophronis</span> <span class='ocrx_word' id='word_1_9' title='bbox 1449 310 1649 363; x_wconf 82' lang='lat' dir='ltr'>antiquum</span> <span class='ocrx_word' id='word_1_10' title='bbox 1661 309 1711 351; x_wconf 72' lang='lat' dir='ltr'>ad</span> 
     </span>
     <span class='ocr_line' id='line_1_3' title="bbox 453 363 1714 417; baseline -0.002 -12"><span class='ocrx_word' id='word_1_11' title='bbox 453 379 492 405; x_wconf 84' lang='lat' dir='ltr'>v.</span> <span class='ocrx_word' id='word_1_12' title='bbox 517 364 565 404; x_wconf 88' lang='lat'>88</span> <span class='ocrx_word' id='word_1_13' title='bbox 582 395 593 413; x_wconf 94' lang='lat'>,</span> <span class='ocrx_word' id='word_1_14' title='bbox 614 378 702 416; x_wconf 86' lang='lat'>511:</span> <span class='ocrx_word' id='word_1_15' title='bbox 724 365 766 404; x_wconf 70' lang='grc' dir='ltr'>ἐκ,</span> <span class='ocrx_word' id='word_1_16' title='bbox 785 363 849 404; x_wconf 69' lang='grc' dir='ltr'>τῆς</span> <span class='ocrx_word' id='word_1_17' title='bbox 870 364 995 404; x_wconf 64' lang='grc' dir='ltr'><em>Λίιὸας</em></span> <span class='ocrx_word' id='word_1_18' title='bbox 1016 364 1253 417; x_wconf 65' lang='grc' dir='ltr'>ἐγεννήθησαν</span> <span class='ocrx_word' id='word_1_19' title='bbox 1274 366 1427 415; x_wconf 63' lang='grc' dir='ltr'><em>Κάστωρ</em></span> <span class='ocrx_word' id='word_1_20' title='bbox 1439 365 1544 414; x_wconf 80' lang='grc' dir='ltr'><strong><em>μόνος</em></strong></span> <span class='ocrx_word' id='word_1_21' title='bbox 1560 365 1624 403; x_wconf 75' lang='grc' dir='ltr'>καὶ</span> <span class='ocrx_word' id='word_1_22' title='bbox 1637 369 1714 403; x_wconf 86' lang='grc' dir='ltr'>Πο-</span> 
     </span>
     <span class='ocr_line' id='line_1_4' title="bbox 453 413 1713 470; baseline -0.001 -13"><span class='ocrx_word' id='word_1_23' title='bbox 453 418 648 464; x_wconf 58' lang='grc' dir='ltr'>λυδεύκης,</span> <span class='ocrx_word' id='word_1_24' title='bbox 663 418 696 456; x_wconf 81' lang='grc' dir='ltr'>ἐν</span> <span class='ocrx_word' id='word_1_25' title='bbox 708 418 863 469; x_wconf 73' lang='grc' dir='ltr'><em>ἀστέρος</em></span> <span class='ocrx_word' id='word_1_26' title='bbox 875 417 1000 469; x_wconf 59' lang='grc' dir='ltr'><em>μορφῇ</em></span> <span class='ocrx_word' id='word_1_27' title='bbox 1015 417 1193 469; x_wconf 66' lang='grc' dir='ltr'><em>μιγέντος</em></span> <span class='ocrx_word' id='word_1_28' title='bbox 1206 413 1303 466; x_wconf 55' lang='lat' dir='ltr'>aar?</span> <span class='ocrx_word' id='word_1_29' title='bbox 1317 417 1413 456; x_wconf 77' lang='grc' dir='ltr'><em>Διός.</em></span> <span class='ocrx_word' id='word_1_30' title='bbox 1430 418 1522 470; x_wconf 89' lang='lat' dir='ltr'>quid</span> <span class='ocrx_word' id='word_1_31' title='bbox 1536 418 1607 456; x_wconf 84' lang='lat' dir='ltr'>iam</span> <span class='ocrx_word' id='word_1_32' title='bbox 1623 430 1713 470; x_wconf 88' lang='lat' dir='ltr'>pto·</span> 
     </span>
     <span class='ocr_line' id='line_1_5' title="bbox 455 469 1714 525; baseline 0 -15"><span class='ocrx_word' id='word_1_33' title='bbox 455 472 557 525; x_wconf 90' lang='lat' dir='ltr'>pius,</span> <span class='ocrx_word' id='word_1_34' title='bbox 578 484 694 523; x_wconf 86' lang='lat' dir='ltr'>quarn</span> <span class='ocrx_word' id='word_1_35' title='bbox 708 482 750 510; x_wconf 90' lang='lat' dir='ltr'>ut</span> <span class='ocrx_word' id='word_1_36' title='bbox 766 483 961 524; x_wconf 86' lang='lat' dir='ltr'>parentem</span> <span class='ocrx_word' id='word_1_37' title='bbox 975 470 1075 510; x_wconf 83' lang='lat' dir='ltr'>stella</span> <span class='ocrx_word' id='word_1_38' title='bbox 1087 469 1277 522; x_wconf 74' lang='lat' dir='ltr'>defignet?</span> <span class='ocrx_word' id='word_1_39' title='bbox 1297 472 1444 510; x_wconf 90' lang='lat' dir='ltr'>Verum</span> <span class='ocrx_word' id='word_1_40' title='bbox 1459 471 1537 510; x_wconf 90' lang='lat' dir='ltr'>alio</span> <span class='ocrx_word' id='word_1_41' title='bbox 1550 472 1714 518; x_wconf 87' lang='lat' dir='ltr'>ducunt,</span> 
     </span>
     <span class='ocr_line' id='line_1_6' title="bbox 456 523 1714 577; baseline 0 -13"><span class='ocrx_word' id='word_1_42' title='bbox 456 527 498 565; x_wconf 68' lang='grc' dir='ltr'>ἃ</span> <span class='ocrx_word' id='word_1_43' title='bbox 520 537 696 564; x_wconf 85' lang='lat' dir='ltr'>arcanum</span> <span class='ocrx_word' id='word_1_44' title='bbox 723 525 833 564; x_wconf 91' lang='lat' dir='ltr'>nobis</span> <span class='ocrx_word' id='word_1_45' title='bbox 856 523 1060 563; x_wconf 80' lang='lat' dir='ltr'>abstrusius</span> <span class='ocrx_word' id='word_1_46' title='bbox 1081 525 1280 563; x_wconf 87' lang='lat' dir='ltr'>recludunt</span> <span class='ocrx_word' id='word_1_47' title='bbox 1305 523 1369 575; x_wconf 87' lang='lat' dir='ltr'>ips1</span> <span class='ocrx_word' id='word_1_48' title='bbox 1393 535 1558 564; x_wconf 80' lang='lat' dir='ltr'>veteres:</span> <span class='ocrx_word' id='word_1_49' title='bbox 1580 525 1714 577; x_wconf 83' lang='lat' dir='ltr'>dignus</span> 
     </span>
     <span class='ocr_line' id='line_1_7' title="bbox 458 577 1716 631; baseline -0.003 -14"><span class='ocrx_word' id='word_1_50' title='bbox 458 578 526 626; x_wconf 87' lang='lat' dir='ltr'>est,</span> <span class='ocrx_word' id='word_1_51' title='bbox 545 591 658 631; x_wconf 85' lang='lat' dir='ltr'>quem</span> <span class='ocrx_word' id='word_1_52' title='bbox 676 578 888 625; x_wconf 78' lang='lat' dir='ltr'>audiamus,</span> <span class='ocrx_word' id='word_1_53' title='bbox 900 577 1003 617; x_wconf 79' lang='lat' dir='ltr'>Sext.</span> <span class='ocrx_word' id='word_1_54' title='bbox 1020 578 1158 628; x_wconf 84' lang='lat' dir='ltr'>Empir.</span> <span class='ocrx_word' id='word_1_55' title='bbox 1177 578 1230 616; x_wconf 89' lang='lat' dir='ltr'>lX</span> <span class='ocrx_word' id='word_1_56' title='bbox 1242 606 1254 622; x_wconf 88' lang='lat'><em>,</em></span> <span class='ocrx_word' id='word_1_57' title='bbox 1271 577 1287 626; x_wconf 84' lang='lat'>§</span> <span class='ocrx_word' id='word_1_58' title='bbox 1307 591 1366 629; x_wconf 84' lang='lat'>37.</span> <span class='ocrx_word' id='word_1_59' title='bbox 1381 588 1422 615; x_wconf 89' lang='lat' dir='ltr'>ut</span> <span class='ocrx_word' id='word_1_60' title='bbox 1437 578 1634 624; x_wconf 87' lang='lat' dir='ltr'>Hercules,</span> <span class='ocrx_word' id='word_1_61' title='bbox 1657 577 1716 616; x_wconf 84' lang='lat' dir='ltr'>in.</span> 
     </span>
     <span class='ocr_line' id='line_1_8' title="bbox 456 629 1715 686; baseline 0 -15"><span class='ocrx_word' id='word_1_62' title='bbox 456 633 563 686; x_wconf 86' lang='lat' dir='ltr'>quit,</span> <span class='ocrx_word' id='word_1_63' title='bbox 580 632 786 671; x_wconf 82' lang='lat' dir='ltr'>Thebanus</span> <span class='ocrx_word' id='word_1_64' title='bbox 808 632 844 669; x_wconf 93' lang='lat' dir='ltr'>in</span> <span class='ocrx_word' id='word_1_65' title='bbox 868 632 1040 683; x_wconf 80' lang='lat' dir='ltr'>priorum</span> <span class='ocrx_word' id='word_1_66' title='bbox 1063 630 1297 676; x_wconf 84' lang='lat' dir='ltr'>Herculum,</span> <span class='ocrx_word' id='word_1_67' title='bbox 1318 629 1367 668; x_wconf 86' lang='lat' dir='ltr'>fic</span> <span class='ocrx_word' id='word_1_68' title='bbox 1382 630 1626 680; x_wconf 79' lang='lat' dir='ltr'>Tyndaridae</span> <span class='ocrx_word' id='word_1_69' title='bbox 1638 629 1715 671; x_wconf 85' lang='lat' dir='ltr'>sese</span> 
     </span>
     <span class='ocr_line' id='line_1_9' title="bbox 456 683 1716 739; baseline -0.001 -15"><span class='ocrx_word' id='word_1_70' title='bbox 456 686 494 725; x_wconf 90' lang='lat' dir='ltr'>in</span> <span class='ocrx_word' id='word_1_71' title='bbox 509 684 719 739; x_wconf 89' lang='lat' dir='ltr'>priscorum</span> <span class='ocrx_word' id='word_1_72' title='bbox 734 697 874 724; x_wconf 87' lang='lat' dir='ltr'>nomen</span> <span class='ocrx_word' id='word_1_73' title='bbox 888 684 926 723; x_wconf 87' lang='lat'>&amp;</span> <span class='ocrx_word' id='word_1_74' title='bbox 941 684 1072 723; x_wconf 81' lang='lat' dir='ltr'>titulos</span> <span class='ocrx_word' id='word_1_75' title='bbox 1084 683 1362 723; x_wconf 86' lang='lat' dir='ltr'>Dioscurorum</span> <span class='ocrx_word' id='word_1_76' title='bbox 1377 684 1631 723; x_wconf 78' lang='lat' dir='ltr'>inseruerunt:</span> <span class='ocrx_word' id='word_1_77' title='bbox 1648 683 1716 723; x_wconf 75' lang='grc' dir='ltr'>καὶ</span> 
     </span>
     <span class='ocr_line' id='line_1_10' title="bbox 458 735 1716 789; baseline -0.001 -11"><span class='ocrx_word' id='word_1_78' title='bbox 458 741 543 779; x_wconf 80' lang='grc' dir='ltr'><em>τους</em></span> <span class='ocrx_word' id='word_1_79' title='bbox 555 738 788 789; x_wconf 56' lang='grc' dir='ltr'><em>Τυνδαρίέας</em></span> <span class='ocrx_word' id='word_1_80' title='bbox 805 737 853 776; x_wconf 60' lang='lat' dir='ltr'>Se</span> <span class='ocrx_word' id='word_1_81' title='bbox 867 751 964 787; x_wconf 70' lang='grc' dir='ltr'><em>φασι</em></span> <span class='ocrx_word' id='word_1_82' title='bbox 983 739 1047 776; x_wconf 58' lang='grc' dir='ltr'>τὴν</span> <span class='ocrx_word' id='word_1_83' title='bbox 1074 738 1145 776; x_wconf 75' lang='grc' dir='ltr'>τῶν</span> <span class='ocrx_word' id='word_1_84' title='bbox 1171 738 1392 787; x_wconf 65' lang='grc' dir='ltr'><em>Διοσκοίρων</em></span> <span class='ocrx_word' id='word_1_85' title='bbox 1414 735 1533 787; x_wconf 53' lang='grc' dir='ltr'><em>δόξαν</em></span> <span class='ocrx_word' id='word_1_86' title='bbox 1547 735 1716 778; x_wconf 67' lang='grc' dir='ltr'>ὑπελθεῖν</span> 
     </span>
     <span class='ocr_line' id='line_1_11' title="bbox 456 787 1717 843; baseline -0.002 -11"><span class='ocrx_word' id='word_1_87' title='bbox 456 803 578 832; x_wconf 74' lang='grc' dir='ltr'><em>πάλιν</em></span> <span class='ocrx_word' id='word_1_88' title='bbox 593 793 825 843; x_wconf 76' lang='grc' dir='ltr'><em>νομιζομένων</em></span> <span class='ocrx_word' id='word_1_89' title='bbox 837 787 927 830; x_wconf 73' lang='grc' dir='ltr'><em>εἶναι</em></span> <span class='ocrx_word' id='word_1_90' title='bbox 945 790 1048 832; x_wconf 63' lang='grc' dir='ltr'><em>δεῶν·</em></span> <span class='ocrx_word' id='word_1_91' title='bbox 1062 791 1137 837; x_wconf 92' lang='lat' dir='ltr'>hic,</span> <span class='ocrx_word' id='word_1_92' title='bbox 1156 803 1255 843; x_wconf 83' lang='lat' dir='ltr'>quae</span> <span class='ocrx_word' id='word_1_93' title='bbox 1269 791 1375 841; x_wconf 66' lang='lat' dir='ltr'>saepe</span> <span class='ocrx_word' id='word_1_94' title='bbox 1389 789 1455 828; x_wconf 88' lang='lat' dir='ltr'>fibi</span> <span class='ocrx_word' id='word_1_95' title='bbox 1470 789 1628 829; x_wconf 83' lang='lat' dir='ltr'>viciffim</span> <span class='ocrx_word' id='word_1_96' title='bbox 1645 802 1717 830; x_wconf 90' lang='lat' dir='ltr'>no-</span> 
     </span>
     <span class='ocr_line' id='line_1_12' title="bbox 458 843 1719 895; baseline -0.001 -10"><span class='ocrx_word' id='word_1_97' title='bbox 458 858 561 894; x_wconf 89' lang='lat' dir='ltr'>cent,</span> <span class='ocrx_word' id='word_1_98' title='bbox 583 847 749 884; x_wconf 83' lang='lat' dir='ltr'>voculae</span> <span class='ocrx_word' id='word_1_99' title='bbox 763 843 847 884; x_wconf 89' lang='lat' dir='ltr'>sunt</span> <span class='ocrx_word' id='word_1_100' title='bbox 863 855 1141 892; x_wconf 82' lang='lat' dir='ltr'>commutatae3</span> <span class='ocrx_word' id='word_1_101' title='bbox 1158 844 1356 895; x_wconf 81' lang='lat' dir='ltr'>legendum</span> <span class='ocrx_word' id='word_1_102' title='bbox 1370 843 1468 882; x_wconf 88' lang='lat' dir='ltr'>enim</span> <span class='ocrx_word' id='word_1_103' title='bbox 1485 844 1626 883; x_wconf 69' lang='grc' dir='ltr'><em>πάλαι.</em></span> <span class='ocrx_word' id='word_1_104' title='bbox 1638 843 1719 884; x_wconf 88' lang='lat' dir='ltr'>De·</span> 
     </span>
     <span class='ocr_line' id='line_1_13' title="bbox 459 896 1717 951; baseline -0.002 -12"><span class='ocrx_word' id='word_1_105' title='bbox 459 899 548 939; x_wconf 89' lang='lat' dir='ltr'>inde</span> <span class='ocrx_word' id='word_1_106' title='bbox 562 898 700 938; x_wconf 85' lang='lat' dir='ltr'>vetusti</span> <span class='ocrx_word' id='word_1_107' title='bbox 721 898 904 951; x_wconf 84' lang='lat' dir='ltr'>sapientes</span> <span class='ocrx_word' id='word_1_108' title='bbox 920 901 1125 949; x_wconf 76' lang='lat' dir='ltr'>supernum</span> <span class='ocrx_word' id='word_1_109' title='bbox 1141 898 1254 936; x_wconf 84' lang='lat' dir='ltr'>huius</span> <span class='ocrx_word' id='word_1_110' title='bbox 1270 896 1438 936; x_wconf 75' lang='lat' dir='ltr'>universi</span> <span class='ocrx_word' id='word_1_111' title='bbox 1450 896 1717 950; x_wconf 88' lang='lat' dir='ltr'>infernumque</span> 
     </span>
     <span class='ocr_line' id='line_1_14' title="bbox 458 951 1717 1005; baseline -0.005 -13"><span class='ocrx_word' id='word_1_112' title='bbox 458 952 773 1005; x_wconf 84' lang='lat' dir='ltr'>hemisphaerium</span> <span class='ocrx_word' id='word_1_113' title='bbox 787 952 912 991; x_wconf 77' lang='lat' dir='ltr'>dixere</span> <span class='ocrx_word' id='word_1_114' title='bbox 923 952 1170 1003; x_wconf 67' lang='grc' dir='ltr'>Διοσκούρους·</span> <span class='ocrx_word' id='word_1_115' title='bbox 1184 951 1295 1002; x_wconf 88' lang='lat' dir='ltr'>idque</span> <span class='ocrx_word' id='word_1_116' title='bbox 1307 951 1402 990; x_wconf 89' lang='lat' dir='ltr'>adeo</span> <span class='ocrx_word' id='word_1_117' title='bbox 1414 953 1583 1002; x_wconf 81' lang='lat' dir='ltr'>poetam,</span> <span class='ocrx_word' id='word_1_118' title='bbox 1598 952 1635 990; x_wconf 89' lang='lat' dir='ltr'>in</span> <span class='ocrx_word' id='word_1_119' title='bbox 1649 964 1717 990; x_wconf 85' lang='lat' dir='ltr'>cu.</span> 
     </span>
     <span class='ocr_line' id='line_1_15' title="bbox 458 1003 1718 1058; baseline -0.002 -12"><span class='ocrx_word' id='word_1_120' title='bbox 458 1007 520 1046; x_wconf 86' lang='lat' dir='ltr'>ius</span> <span class='ocrx_word' id='word_1_121' title='bbox 534 1007 654 1058; x_wconf 91' lang='lat' dir='ltr'>adyto</span> <span class='ocrx_word' id='word_1_122' title='bbox 670 1004 869 1058; x_wconf 83' lang='lat' dir='ltr'>sapientiae</span> <span class='ocrx_word' id='word_1_123' title='bbox 882 1034 893 1050; x_wconf 89' lang='lat'>,</span> <span class='ocrx_word' id='word_1_124' title='bbox 910 1005 1094 1056; x_wconf 84' lang='lat' dir='ltr'>quidquid</span> <span class='ocrx_word' id='word_1_125' title='bbox 1110 1003 1178 1058; x_wconf 74' lang='lat' dir='ltr'>ipsi</span> <span class='ocrx_word' id='word_1_126' title='bbox 1205 1003 1343 1044; x_wconf 89' lang='lat' dir='ltr'>fuerint</span> <span class='ocrx_word' id='word_1_127' title='bbox 1357 1005 1589 1053; x_wconf 87' lang='lat' dir='ltr'>commenti,</span> <span class='ocrx_word' id='word_1_128' title='bbox 1607 1004 1718 1044; x_wconf 89' lang='lat' dir='ltr'>nullo</span> 
     </span>
     <span class='ocr_line' id='line_1_16' title="bbox 459 1056 1719 1112; baseline 0 -14"><span class='ocrx_word' id='word_1_129' title='bbox 459 1062 619 1112; x_wconf 84' lang='lat' dir='ltr'>negotio</span> <span class='ocrx_word' id='word_1_130' title='bbox 637 1060 857 1112; x_wconf 88' lang='lat' dir='ltr'>reperiunt,</span> <span class='ocrx_word' id='word_1_131' title='bbox 874 1057 1137 1102; x_wconf 75' lang='lat' dir='ltr'>subindicasse,</span> <span class='ocrx_word' id='word_1_132' title='bbox 1162 1071 1249 1097; x_wconf 90' lang='lat' dir='ltr'>cum</span> <span class='ocrx_word' id='word_1_133' title='bbox 1272 1070 1341 1097; x_wconf 88' lang='lat' dir='ltr'>eos</span> <span class='ocrx_word' id='word_1_134' title='bbox 1351 1056 1580 1109; x_wconf 80' lang='grc' dir='ltr'><em>ἑτερημέρους</em></span> <span class='ocrx_word' id='word_1_135' title='bbox 1597 1068 1719 1098; x_wconf 83' lang='lat' dir='ltr'>vocat</span> 
     </span>
     <span class='ocr_line' id='line_1_17' title="bbox 459 1110 1718 1165; baseline 0 -13"><span class='ocrx_word' id='word_1_136' title='bbox 459 1113 536 1153; x_wconf 90' lang='lat' dir='ltr'>Od.</span> <span class='ocrx_word' id='word_1_137' title='bbox 549 1118 599 1160; x_wconf 84' lang='grc' dir='ltr'>Λ,</span> <span class='ocrx_word' id='word_1_138' title='bbox 615 1126 702 1165; x_wconf 85' lang='lat'>302.</span> <span class='ocrx_word' id='word_1_139' title='bbox 724 1124 814 1151; x_wconf 91' lang='lat' dir='ltr'>cum</span> <span class='ocrx_word' id='word_1_140' title='bbox 836 1112 892 1150; x_wconf 88' lang='lat' dir='ltr'>his</span> <span class='ocrx_word' id='word_1_141' title='bbox 909 1110 1028 1150; x_wconf 88' lang='lat' dir='ltr'>ferme</span> <span class='ocrx_word' id='word_1_142' title='bbox 1042 1111 1233 1164; x_wconf 83' lang='lat' dir='ltr'>conspirat</span> <span class='ocrx_word' id='word_1_143' title='bbox 1246 1111 1353 1150; x_wconf 89' lang='lat' dir='ltr'>Philo</span> <span class='ocrx_word' id='word_1_144' title='bbox 1371 1111 1451 1150; x_wconf 88' lang='lat' dir='ltr'>Iud.</span> <span class='ocrx_word' id='word_1_145' title='bbox 1467 1111 1514 1150; x_wconf 89' lang='lat' dir='ltr'>de</span> <span class='ocrx_word' id='word_1_146' title='bbox 1529 1110 1662 1151; x_wconf 86' lang='lat' dir='ltr'>Decal.</span> <span class='ocrx_word' id='word_1_147' title='bbox 1679 1125 1718 1164; x_wconf 85' lang='lat' dir='ltr'>p.</span> 
     </span>
     <span class='ocr_line' id='line_1_18' title="bbox 458 1163 1718 1218; baseline -0.002 -13"><span class='ocrx_word' id='word_1_148' title='bbox 458 1180 536 1218; x_wconf 84' lang='lat'>752</span> <span class='ocrx_word' id='word_1_149' title='bbox 552 1166 596 1205; x_wconf 91' lang='lat' dir='ltr'>B.</span> <span class='ocrx_word' id='word_1_150' title='bbox 615 1165 679 1204; x_wconf 71' lang='grc' dir='ltr'>καὶ</span> <span class='ocrx_word' id='word_1_151' title='bbox 695 1164 768 1204; x_wconf 73' lang='grc' dir='ltr'>τῶν</span> <span class='ocrx_word' id='word_1_152' title='bbox 782 1166 906 1206; x_wconf 65' lang='grc' dir='ltr'><em>ἄλλων</em></span> <span class='ocrx_word' id='word_1_153' title='bbox 931 1164 1094 1217; x_wconf 76' lang='grc' dir='ltr'><em>ἀστέρων</em></span> <span class='ocrx_word' id='word_1_154' title='bbox 1115 1163 1275 1204; x_wconf 80' lang='grc' dir='ltr'><em>ἑκάστου</em></span> <span class='ocrx_word' id='word_1_155' title='bbox 1289 1167 1364 1204; x_wconf 77' lang='grc' dir='ltr'>τας</span> <span class='ocrx_word' id='word_1_156' title='bbox 1382 1164 1594 1214; x_wconf 75' lang='grc' dir='ltr'><em>ἐπωνυμίας</em></span> <span class='ocrx_word' id='word_1_157' title='bbox 1610 1164 1718 1215; x_wconf 79' lang='grc' dir='ltr'><em>μυθο-</em></span> 
     </span>
     <span class='ocr_line' id='line_1_19' title="bbox 459 1217 1720 1273; baseline 0.002 -17"><span class='ocrx_word' id='word_1_158' title='bbox 459 1219 598 1273; x_wconf 48' lang='grc' dir='ltr'><em>γράφοι</em></span> <span class='ocrx_word' id='word_1_159' title='bbox 617 1218 834 1270; x_wconf 53' lang='grc' dir='ltr'><em>παρέδοσαν</em></span> <span class='ocrx_word' id='word_1_160' title='bbox 849 1218 1072 1272; x_wconf 85' lang='lat' dir='ltr'>(perperam</span> <span class='ocrx_word' id='word_1_161' title='bbox 1086 1219 1283 1257; x_wconf 88' lang='lat' dir='ltr'>ediderunt</span> <span class='ocrx_word' id='word_1_162' title='bbox 1294 1218 1565 1270; x_wconf 67' lang='grc' dir='ltr'><em>μυθογράφοις·</em></span> <span class='ocrx_word' id='word_1_163' title='bbox 1579 1217 1630 1257; x_wconf 84' lang='lat' dir='ltr'>fic</span> <span class='ocrx_word' id='word_1_164' title='bbox 1651 1231 1720 1258; x_wconf 83' lang='lat' dir='ltr'>au·</span> 
     </span>
     <span class='ocr_line' id='line_1_20' title="bbox 460 1271 1720 1326; baseline -0.004 -14"><span class='ocrx_word' id='word_1_165' title='bbox 460 1284 538 1312; x_wconf 90' lang='lat' dir='ltr'>tem</span> <span class='ocrx_word' id='word_1_166' title='bbox 560 1281 682 1326; x_wconf 77' lang='lat' dir='ltr'>v9cat</span> <span class='ocrx_word' id='word_1_167' title='bbox 703 1275 859 1325; x_wconf 72' lang='lat' dir='ltr'>poetas,</span> <span class='ocrx_word' id='word_1_168' title='bbox 874 1271 1089 1324; x_wconf 86' lang='lat' dir='ltr'>praesertim</span> <span class='ocrx_word' id='word_1_169' title='bbox 1107 1271 1328 1325; x_wconf 88' lang='lat' dir='ltr'>Orphicos)</span> <span class='ocrx_word' id='word_1_170' title='bbox 1345 1273 1374 1310; x_wconf 77' lang='grc' dir='ltr'>οι</span> <span class='ocrx_word' id='word_1_171' title='bbox 1397 1273 1488 1322; x_wconf 61' lang='grc' dir='ltr'><em>στρος</em></span> <span class='ocrx_word' id='word_1_172' title='bbox 1505 1272 1660 1312; x_wconf 72' lang='grc' dir='ltr'><em>ἀπάτην</em></span> <span class='ocrx_word' id='word_1_173' title='bbox 1671 1272 1720 1310; x_wconf 82' lang='grc' dir='ltr'>ά.</span> 
     </span>
     <span class='ocr_line' id='line_1_21' title="bbox 460 1324 1719 1379; baseline 0 -14"><span class='ocrx_word' id='word_1_174' title='bbox 460 1325 545 1365; x_wconf 63' lang='lat' dir='ltr'>mia}</span> <span class='ocrx_word' id='word_1_175' title='bbox 561 1327 602 1364; x_wconf 81' lang='grc' dir='ltr'>εὐ</span> <span class='ocrx_word' id='word_1_176' title='bbox 622 1339 920 1378; x_wconf 80' lang='grc' dir='ltr'><em>τετεχνασμενα</em></span> <span class='ocrx_word' id='word_1_177' title='bbox 938 1326 1164 1375; x_wconf 66' lang='grc' dir='ltr'><em>πλάσματα</em></span> <span class='ocrx_word' id='word_1_178' title='bbox 1185 1328 1460 1374; x_wconf 69' lang='grc' dir='ltr'><em>συνυφαινοντες</em></span> <span class='ocrx_word' id='word_1_179' title='bbox 1476 1324 1610 1377; x_wconf 56' lang='grc' dir='ltr'><em>ἔδοξαν</em></span> <span class='ocrx_word' id='word_1_180' title='bbox 1632 1327 1719 1379; x_wconf 68' lang='grc' dir='ltr'>περὶ</span> 
     </span>
     <span class='ocr_line' id='line_1_22' title="bbox 460 1373 1721 1430; baseline -0.001 -11"><span class='ocrx_word' id='word_1_181' title='bbox 460 1378 530 1419; x_wconf 66' lang='grc' dir='ltr'>τὴν</span> <span class='ocrx_word' id='word_1_182' title='bbox 545 1377 616 1419; x_wconf 81' lang='grc' dir='ltr'>τῶν</span> <span class='ocrx_word' id='word_1_183' title='bbox 636 1380 818 1428; x_wconf 72' lang='grc' dir='ltr'><em>ὀνομάτων</em></span> <span class='ocrx_word' id='word_1_184' title='bbox 838 1379 941 1418; x_wconf 55' lang='grc' dir='ltr'><em>θέσιν</em></span> <span class='ocrx_word' id='word_1_185' title='bbox 956 1377 1263 1430; x_wconf 63' lang='grc' dir='ltr'>κεκομιψεῦσῧαι,</span> <span class='ocrx_word' id='word_1_186' title='bbox 1281 1380 1388 1417; x_wconf 79' lang='grc' dir='ltr'><em>τόντε</em></span> <span class='ocrx_word' id='word_1_187' title='bbox 1405 1373 1546 1430; x_wconf 66' lang='grc' dir='ltr'><em>οὐρανὸν</em></span> <span class='ocrx_word' id='word_1_188' title='bbox 1564 1378 1616 1419; x_wconf 78' lang='grc' dir='ltr'>εἰς</span> <span class='ocrx_word' id='word_1_189' title='bbox 1634 1377 1721 1428; x_wconf 69' lang='grc' dir='ltr'><em>ὗμι-</em></span> 
     </span>
     <span class='ocr_line' id='line_1_23' title="bbox 460 1428 1722 1492; baseline -0.002 -20"><span class='ocrx_word' id='word_1_190' title='bbox 460 1433 631 1492; x_wconf 72' lang='grc' dir='ltr'><em>σφαίριον</em></span> <span class='ocrx_word' id='word_1_191' title='bbox 643 1430 697 1482; x_wconf 67' lang='grc' dir='ltr'>τῷ</span> <span class='ocrx_word' id='word_1_192' title='bbox 707 1432 814 1486; x_wconf 66' lang='grc' dir='ltr'>λόγῳ</span> <span class='ocrx_word' id='word_1_193' title='bbox 827 1430 930 1485; x_wconf 62' lang='grc' dir='ltr'>ὃιχνῖ</span> <span class='ocrx_word' id='word_1_194' title='bbox 942 1431 1220 1483; x_wconf 57' lang='grc' dir='ltr'><em>διανείμαντες,</em></span> <span class='ocrx_word' id='word_1_195' title='bbox 1236 1433 1279 1470; x_wconf 64' lang='grc' dir='ltr'>τ“ο</span> <span class='ocrx_word' id='word_1_196' title='bbox 1289 1432 1356 1483; x_wconf 83' lang='grc' dir='ltr'>μὲν</span> <span class='ocrx_word' id='word_1_197' title='bbox 1367 1428 1458 1482; x_wconf 67' lang='grc' dir='ltr'>ὑπὲξ</span> <span class='ocrx_word' id='word_1_198' title='bbox 1469 1430 1555 1485; x_wconf 62' lang='grc' dir='ltr'>γῆς,</span> <span class='ocrx_word' id='word_1_199' title='bbox 1568 1435 1613 1471; x_wconf 66' lang='grc' dir='ltr'>τὶν</span> <span class='ocrx_word' id='word_1_200' title='bbox 1627 1432 1664 1472; x_wconf 71' lang='lat'>5⁰</span> <span class='ocrx_word' id='word_1_201' title='bbox 1679 1430 1722 1470; x_wconf 71' lang='lat'>15-</span> 
     </span>
     <span class='ocr_line' id='line_1_24' title="bbox 460 1481 1721 1539; baseline -0.001 -11"><span class='ocrx_word' id='word_1_202' title='bbox 460 1490 512 1528; x_wconf 67' lang='grc' dir='ltr'>πο</span> <span class='ocrx_word' id='word_1_203' title='bbox 526 1500 601 1539; x_wconf 69' lang='grc' dir='ltr'>γης</span> <span class='ocrx_word' id='word_1_204' title='bbox 620 1490 859 1539; x_wconf 74' lang='grc' dir='ltr'><em>Διοσκούρους</em></span> <span class='ocrx_word' id='word_1_205' title='bbox 880 1485 1087 1532; x_wconf 79' lang='grc' dir='ltr'><em>ἐκάλεσαν,</em></span> <span class='ocrx_word' id='word_1_206' title='bbox 1107 1488 1151 1524; x_wconf 73' lang='grc' dir='ltr'>τ“ο</span> <span class='ocrx_word' id='word_1_207' title='bbox 1168 1486 1253 1538; x_wconf 70' lang='grc' dir='ltr'>περὶ</span> <span class='ocrx_word' id='word_1_208' title='bbox 1273 1484 1340 1525; x_wconf 67' lang='grc' dir='ltr'>τῆς</span> <span class='ocrx_word' id='word_1_209' title='bbox 1352 1484 1582 1537; x_wconf 70' lang='grc' dir='ltr'><em>ἑτεριιμερίας</em></span> <span class='ocrx_word' id='word_1_210' title='bbox 1597 1481 1721 1527; x_wconf 70' lang='grc' dir='ltr'><em>αὐτῶν</em></span> 
     </span>
     <span class='ocr_line' id='line_1_25' title="bbox 459 1536 1724 1593; baseline -0.001 -13"><span class='ocrx_word' id='word_1_211' title='bbox 459 1540 869 1592; x_wconf 72' lang='grc' dir='ltr'><em>προστερατευσάμενοι</em></span> <span class='ocrx_word' id='word_1_212' title='bbox 884 1536 1073 1593; x_wconf 62' lang='grc' dir='ltr'><em>ἓιίνγημα·</em></span> <span class='ocrx_word' id='word_1_213' title='bbox 1095 1552 1182 1579; x_wconf 91' lang='lat' dir='ltr'>eum</span> <span class='ocrx_word' id='word_1_214' title='bbox 1198 1540 1235 1578; x_wconf 93' lang='lat' dir='ltr'>in</span> <span class='ocrx_word' id='word_1_215' title='bbox 1256 1540 1414 1578; x_wconf 85' lang='lat' dir='ltr'>modum</span> <span class='ocrx_word' id='word_1_216' title='bbox 1434 1552 1483 1578; x_wconf 86' lang='lat' dir='ltr'>ex</span> <span class='ocrx_word' id='word_1_217' title='bbox 1500 1539 1546 1579; x_wconf 89' lang='lat' dir='ltr'>C.</span> <span class='ocrx_word' id='word_1_218' title='bbox 1563 1538 1632 1578; x_wconf 89' lang='lat' dir='ltr'>Ms.</span> <span class='ocrx_word' id='word_1_219' title='bbox 1649 1553 1724 1593; x_wconf 87' lang='lat' dir='ltr'>po·</span> 
     </span>
     <span class='ocr_line' id='line_1_26' title="bbox 462 1592 1720 1646; baseline 0 -14"><span class='ocrx_word' id='word_1_220' title='bbox 462 1593 601 1633; x_wconf 81' lang='lat' dir='ltr'>strema</span> <span class='ocrx_word' id='word_1_221' title='bbox 614 1607 702 1633; x_wconf 89' lang='lat' dir='ltr'>cum</span> <span class='ocrx_word' id='word_1_222' title='bbox 718 1593 770 1633; x_wconf 93' lang='lat' dir='ltr'>D.</span> <span class='ocrx_word' id='word_1_223' title='bbox 784 1592 1016 1633; x_wconf 85' lang='lat' dir='ltr'>Hoeschelio</span> <span class='ocrx_word' id='word_1_224' title='bbox 1029 1592 1113 1632; x_wconf 87' lang='lat' dir='ltr'>sunt</span> <span class='ocrx_word' id='word_1_225' title='bbox 1124 1593 1280 1645; x_wconf 85' lang='lat' dir='ltr'>legenda</span> <span class='ocrx_word' id='word_1_226' title='bbox 1292 1593 1339 1632; x_wconf 81' lang='lat' dir='ltr'>ad</span> <span class='ocrx_word' id='word_1_227' title='bbox 1351 1592 1557 1644; x_wconf 88' lang='lat' dir='ltr'>Phrynich.</span> <span class='ocrx_word' id='word_1_228' title='bbox 1572 1607 1608 1646; x_wconf 89' lang='lat' dir='ltr'>p.</span> <span class='ocrx_word' id='word_1_229' title='bbox 1621 1607 1635 1632; x_wconf 92' lang='lat'><strong>1</strong></span> <span class='ocrx_word' id='word_1_230' title='bbox 1649 1607 1663 1632; x_wconf 86' lang='lat'>1</span> <span class='ocrx_word' id='word_1_231' title='bbox 1677 1607 1689 1632; x_wconf 85' lang='lat'>1</span> <span class='ocrx_word' id='word_1_232' title='bbox 1703 1606 1720 1643; x_wconf 79' lang='lat'>3</span> 
     </span>
     <span class='ocr_line' id='line_1_27' title="bbox 460 1645 1722 1700; baseline 0.001 -14"><span class='ocrx_word' id='word_1_233' title='bbox 460 1660 589 1700; x_wconf 88' lang='lat' dir='ltr'>neque</span> <span class='ocrx_word' id='word_1_234' title='bbox 615 1646 690 1688; x_wconf 82' lang='lat' dir='ltr'>alio</span> <span class='ocrx_word' id='word_1_235' title='bbox 711 1646 850 1699; x_wconf 71' lang='lat' dir='ltr'>spectat</span> <span class='ocrx_word' id='word_1_236' title='bbox 880 1647 1068 1700; x_wconf 87' lang='lat' dir='ltr'>Euripidis</span> <span class='ocrx_word' id='word_1_237' title='bbox 1092 1646 1320 1687; x_wconf 81' lang='lat' dir='ltr'>Scholiastae</span> <span class='ocrx_word' id='word_1_238' title='bbox 1337 1646 1450 1685; x_wconf 89' lang='lat' dir='ltr'>locus</span> <span class='ocrx_word' id='word_1_239' title='bbox 1469 1646 1516 1685; x_wconf 88' lang='lat' dir='ltr'>ad</span> <span class='ocrx_word' id='word_1_240' title='bbox 1536 1645 1660 1686; x_wconf 86' lang='lat' dir='ltr'>Orest.</span> <span class='ocrx_word' id='word_1_241' title='bbox 1679 1661 1722 1688; x_wconf 76' lang='lat' dir='ltr'>v,</span> 
     </span>
     <span class='ocr_line' id='line_1_28' title="bbox 463 1699 1721 1754; baseline 0.002 -15"><span class='ocrx_word' id='word_1_242' title='bbox 463 1701 515 1750; x_wconf 80' lang='lat'>46</span> <span class='ocrx_word' id='word_1_243' title='bbox 525 1714 557 1752; x_wconf 83' lang='lat'>5,</span> <span class='ocrx_word' id='word_1_244' title='bbox 581 1701 646 1740; x_wconf 86' lang='lat' dir='ltr'>ubi</span> <span class='ocrx_word' id='word_1_245' title='bbox 696 1700 867 1753; x_wconf 83' lang='lat' dir='ltr'>ossquam</span> <span class='ocrx_word' id='word_1_246' title='bbox 882 1699 1109 1753; x_wconf 86' lang='lat' dir='ltr'>exposuerat</span> <span class='ocrx_word' id='word_1_247' title='bbox 1121 1731 1132 1748; x_wconf 89' lang='lat'>‚</span> <span class='ocrx_word' id='word_1_248' title='bbox 1152 1701 1352 1753; x_wconf 89' lang='lat' dir='ltr'>quomodo</span> <span class='ocrx_word' id='word_1_249' title='bbox 1367 1699 1532 1740; x_wconf 87' lang='lat' dir='ltr'>Pollucis</span> <span class='ocrx_word' id='word_1_250' title='bbox 1547 1700 1721 1754; x_wconf 88' lang='lat' dir='ltr'>precibus</span> 
     </span>
     <span class='ocr_line' id='line_1_29' title="bbox 461 1753 1723 1807; baseline 0 -14"><span class='ocrx_word' id='word_1_251' title='bbox 461 1753 638 1794; x_wconf 61' lang='lat' dir='ltr'>inductus</span> <span class='ocrx_word' id='word_1_252' title='bbox 675 1756 824 1807; x_wconf 88' lang='lat' dir='ltr'>uppiter</span> <span class='ocrx_word' id='word_1_253' title='bbox 840 1753 992 1794; x_wconf 86' lang='lat' dir='ltr'>Castori</span> <span class='ocrx_word' id='word_1_254' title='bbox 1005 1767 1162 1807; x_wconf 91' lang='lat' dir='ltr'>quoque</span> <span class='ocrx_word' id='word_1_255' title='bbox 1182 1755 1357 1793; x_wconf 87' lang='lat' dir='ltr'>tribuerit</span> <span class='ocrx_word' id='word_1_256' title='bbox 1377 1754 1696 1794; x_wconf 83' lang='lat' dir='ltr'>immortalitatem</span> <span class='ocrx_word' id='word_1_257' title='bbox 1708 1785 1723 1804; x_wconf 89' lang='lat'><em>‚</em></span> 
     </span>
     <span class='ocr_line' id='line_1_30' title="bbox 463 1805 1724 1862; baseline 0.001 -15"><span class='ocrx_word' id='word_1_258' title='bbox 463 1807 605 1860; x_wconf 87' lang='lat' dir='ltr'>eosque</span> <span class='ocrx_word' id='word_1_259' title='bbox 621 1809 711 1859; x_wconf 61' lang='lat' dir='ltr'>wag?</span> <span class='ocrx_word' id='word_1_260' title='bbox 725 1808 862 1859; x_wconf 65' lang='grc' dir='ltr'><em>ἡμέραν</em></span> <span class='ocrx_word' id='word_1_261' title='bbox 877 1806 936 1859; x_wconf 66' lang='grc' dir='ltr'>ζῆν</span> <span class='ocrx_word' id='word_1_262' title='bbox 950 1808 1195 1860; x_wconf 75' lang='grc' dir='ltr'><em>ἀμφοτέρους,</em></span> <span class='ocrx_word' id='word_1_263' title='bbox 1210 1808 1323 1854; x_wconf 88' lang='lat' dir='ltr'>addit,</span> <span class='ocrx_word' id='word_1_264' title='bbox 1342 1805 1402 1846; x_wconf 76' lang='grc' dir='ltr'>οὓς</span> <span class='ocrx_word' id='word_1_265' title='bbox 1416 1807 1480 1846; x_wconf 72' lang='grc' dir='ltr'>καὶ</span> <span class='ocrx_word' id='word_1_266' title='bbox 1497 1806 1724 1862; x_wconf 75' lang='grc' dir='ltr'><em>ἀλληγοροῦ-</em></span> 
     </span>
     <span class='ocr_line' id='line_1_31' title="bbox 464 1858 1724 1915; baseline 0.002 -15"><span class='ocrx_word' id='word_1_267' title='bbox 464 1876 520 1900; x_wconf 87' lang='grc' dir='ltr'>σιν</span> <span class='ocrx_word' id='word_1_268' title='bbox 534 1863 580 1900; x_wconf 82' lang='grc' dir='ltr'>εις</span> <span class='ocrx_word' id='word_1_269' title='bbox 597 1858 731 1913; x_wconf 64' lang='grc' dir='ltr'><em>ἡμέραν</em></span> <span class='ocrx_word' id='word_1_270' title='bbox 745 1862 806 1900; x_wconf 71' lang='grc' dir='ltr'>καὶ</span> <span class='ocrx_word' id='word_1_271' title='bbox 826 1862 1114 1902; x_wconf 61' lang='lat' dir='ltr'>vomoeNerum</span> <span class='ocrx_word' id='word_1_272' title='bbox 1134 1861 1205 1908; x_wconf 86' lang='lat' dir='ltr'>est,</span> <span class='ocrx_word' id='word_1_273' title='bbox 1228 1861 1369 1914; x_wconf 84' lang='lat' dir='ltr'>priscos</span> <span class='ocrx_word' id='word_1_274' title='bbox 1390 1859 1454 1900; x_wconf 89' lang='lat' dir='ltr'>seu</span> <span class='ocrx_word' id='word_1_275' title='bbox 1467 1861 1697 1915; x_wconf 86' lang='lat' dir='ltr'>Theologos</span> <span class='ocrx_word' id='word_1_276' title='bbox 1706 1891 1724 1910; x_wconf 93' lang='lat'>‚</span> 
     </span>
     <span class='ocr_line' id='line_1_32' title="bbox 462 1914 1726 1969; baseline 0.002 -16"><span class='ocrx_word' id='word_1_277' title='bbox 462 1914 544 1954; x_wconf 82' lang='lat' dir='ltr'>five</span> <span class='ocrx_word' id='word_1_278' title='bbox 557 1915 803 1969; x_wconf 87' lang='lat' dir='ltr'>philosophos</span> <span class='ocrx_word' id='word_1_279' title='bbox 816 1945 827 1962; x_wconf 88' lang='lat'>,</span> <span class='ocrx_word' id='word_1_280' title='bbox 845 1914 1030 1954; x_wconf 87' lang='lat' dir='ltr'>iustorum</span> <span class='ocrx_word' id='word_1_281' title='bbox 1047 1915 1145 1954; x_wconf 89' lang='lat' dir='ltr'>coeli</span> <span class='ocrx_word' id='word_1_282' title='bbox 1160 1925 1357 1962; x_wconf 79' lang='lat' dir='ltr'>motuum,</span> <span class='ocrx_word' id='word_1_283' title='bbox 1376 1915 1480 1966; x_wconf 93' lang='lat' dir='ltr'>quod</span> <span class='ocrx_word' id='word_1_284' title='bbox 1501 1927 1638 1954; x_wconf 91' lang='lat' dir='ltr'>eorum</span> <span class='ocrx_word' id='word_1_285' title='bbox 1662 1928 1726 1968; x_wconf 67' lang='lat' dir='ltr'>pae-</span> 
     </span>
     <span class='ocr_line' id='line_1_33' title="bbox 462 1967 1723 2022; baseline 0.002 -15"><span class='ocrx_word' id='word_1_286' title='bbox 462 1982 507 2008; x_wconf 91' lang='lat' dir='ltr'>ce</span> <span class='ocrx_word' id='word_1_287' title='bbox 522 1969 679 2007; x_wconf 84' lang='lat' dir='ltr'>dixerim</span> <span class='ocrx_word' id='word_1_288' title='bbox 694 1999 706 2015; x_wconf 87' lang='lat'>‚</span> <span class='ocrx_word' id='word_1_289' title='bbox 722 1969 825 2008; x_wconf 88' lang='lat' dir='ltr'>haud</span> <span class='ocrx_word' id='word_1_290' title='bbox 836 1982 1030 2021; x_wconf 88' lang='lat' dir='ltr'>quaquam</span> <span class='ocrx_word' id='word_1_291' title='bbox 1043 1969 1184 2022; x_wconf 88' lang='lat' dir='ltr'>peritos</span> <span class='ocrx_word' id='word_1_292' title='bbox 1197 1999 1210 2015; x_wconf 95' lang='lat'>,</span> <span class='ocrx_word' id='word_1_293' title='bbox 1231 1969 1268 2007; x_wconf 89' lang='lat' dir='ltr'>in</span> <span class='ocrx_word' id='word_1_294' title='bbox 1278 1967 1548 2021; x_wconf 85' lang='lat' dir='ltr'>hemisphaeria</span> <span class='ocrx_word' id='word_1_295' title='bbox 1560 1967 1723 2010; x_wconf 83' lang='lat' dir='ltr'>divififfe</span> 
     </span>
     <span class='ocr_line' id='line_1_34' title="bbox 462 2022 1726 2076; baseline 0.002 -14"><span class='ocrx_word' id='word_1_296' title='bbox 462 2022 648 2063; x_wconf 85' lang='lat' dir='ltr'>mundum</span> <span class='ocrx_word' id='word_1_297' title='bbox 669 2022 779 2069; x_wconf 89' lang='lat' dir='ltr'>bina,</span> <span class='ocrx_word' id='word_1_298' title='bbox 797 2035 897 2075; x_wconf 91' lang='lat' dir='ltr'>quae</span> <span class='ocrx_word' id='word_1_299' title='bbox 922 2022 983 2061; x_wconf 88' lang='lat' dir='ltr'>alii</span> <span class='ocrx_word' id='word_1_300' title='bbox 1008 2022 1085 2062; x_wconf 83' lang='lat' dir='ltr'>fixa</span> <span class='ocrx_word' id='word_1_301' title='bbox 1104 2024 1144 2062; x_wconf 76' lang='grc' dir='ltr'>δι</span> <span class='ocrx_word' id='word_1_302' title='bbox 1167 2022 1331 2069; x_wconf 83' lang='lat' dir='ltr'>stabilia,</span> <span class='ocrx_word' id='word_1_303' title='bbox 1356 2022 1460 2061; x_wconf 88' lang='lat' dir='ltr'>lovis</span> <span class='ocrx_word' id='word_1_304' title='bbox 1478 2022 1726 2076; x_wconf 73' lang='lat' dir='ltr'>Platonisque</span> 
     </span>
     <span class='ocr_line' id='line_1_35' title="bbox 463 2074 1724 2129; baseline 0 -14"><span class='ocrx_word' id='word_1_305' title='bbox 463 2088 585 2129; x_wconf 82' lang='lat' dir='ltr'>regno</span> <span class='ocrx_word' id='word_1_306' title='bbox 611 2074 788 2122; x_wconf 83' lang='lat' dir='ltr'>discreta,</span> <span class='ocrx_word' id='word_1_307' title='bbox 806 2077 845 2115; x_wconf 90' lang='lat' dir='ltr'>in</span> <span class='ocrx_word' id='word_1_308' title='bbox 864 2076 1005 2128; x_wconf 87' lang='lat' dir='ltr'>quibus</span> <span class='ocrx_word' id='word_1_309' title='bbox 1027 2077 1140 2117; x_wconf 90' lang='lat' dir='ltr'>orbes</span> <span class='ocrx_word' id='word_1_310' title='bbox 1157 2075 1245 2116; x_wconf 87' lang='lat' dir='ltr'>suos</span> <span class='ocrx_word' id='word_1_311' title='bbox 1265 2075 1383 2116; x_wconf 76' lang='lat' dir='ltr'>sidera</span> <span class='ocrx_word' id='word_1_312' title='bbox 1408 2075 1634 2124; x_wconf 84' lang='lat' dir='ltr'>conficiant,</span> <span class='ocrx_word' id='word_1_313' title='bbox 1660 2076 1724 2125; x_wconf 80' lang='lat' dir='ltr'>alii</span> 
     </span>
     <span class='ocr_line' id='line_1_36' title="bbox 463 2129 1727 2184; baseline 0.002 -16"><span class='ocrx_word' id='word_1_314' title='bbox 463 2130 656 2169; x_wconf 88' lang='lat' dir='ltr'>rotatione</span> <span class='ocrx_word' id='word_1_315' title='bbox 671 2129 833 2170; x_wconf 90' lang='lat' dir='ltr'>volubili</span> <span class='ocrx_word' id='word_1_316' title='bbox 849 2130 1080 2170; x_wconf 64' lang='lat' dir='ltr'>circumacta</span> <span class='ocrx_word' id='word_1_317' title='bbox 1093 2130 1344 2170; x_wconf 87' lang='lat' dir='ltr'>crediderunt:</span> <span class='ocrx_word' id='word_1_318' title='bbox 1367 2130 1518 2169; x_wconf 90' lang='lat' dir='ltr'>utrovis</span> <span class='ocrx_word' id='word_1_319' title='bbox 1533 2130 1646 2184; x_wconf 68' lang='grc' dir='ltr'><em>ρεξὲο</em></span> <span class='ocrx_word' id='word_1_320' title='bbox 1665 2131 1727 2170; x_wconf 83' lang='lat' dir='ltr'>ni-</span> 
     </span>
     <span class='ocr_line' id='line_1_37' title="bbox 465 2182 1724 2238; baseline 0.002 -16"><span class='ocrx_word' id='word_1_321' title='bbox 465 2183 516 2222; x_wconf 91' lang='lat' dir='ltr'>hil</span> <span class='ocrx_word' id='word_1_322' title='bbox 529 2183 734 2223; x_wconf 87' lang='lat' dir='ltr'>admodum</span> <span class='ocrx_word' id='word_1_323' title='bbox 752 2182 876 2223; x_wconf 87' lang='lat' dir='ltr'>obstat</span> <span class='ocrx_word' id='word_1_324' title='bbox 887 2214 898 2231; x_wconf 90' lang='lat'><strong>‚</strong></span> <span class='ocrx_word' id='word_1_325' title='bbox 916 2184 1125 2224; x_wconf 88' lang='lat' dir='ltr'>dummodo</span> <span class='ocrx_word' id='word_1_326' title='bbox 1140 2197 1207 2238; x_wconf 92' lang='lat' dir='ltr'>per</span> <span class='ocrx_word' id='word_1_327' title='bbox 1218 2196 1427 2236; x_wconf 82' lang='lat' dir='ltr'>utrumque</span> <span class='ocrx_word' id='word_1_328' title='bbox 1439 2184 1523 2223; x_wconf 85' lang='lat' dir='ltr'>axis</span> <span class='ocrx_word' id='word_1_329' title='bbox 1535 2184 1724 2225; x_wconf 84' lang='lat' dir='ltr'>verticem</span> 
     </span>
     <span class='ocr_line' id='line_1_38' title="bbox 465 2236 1726 2290; baseline 0.003 -15"><span class='ocrx_word' id='word_1_330' title='bbox 465 2236 616 2276; x_wconf 63' lang='lat' dir='ltr'>dissecta</span> <span class='ocrx_word' id='word_1_331' title='bbox 630 2250 750 2290; x_wconf 89' lang='lat' dir='ltr'>ponas</span> <span class='ocrx_word' id='word_1_332' title='bbox 760 2268 774 2284; x_wconf 91' lang='lat'><em>,</em></span> <span class='ocrx_word' id='word_1_333' title='bbox 794 2250 875 2290; x_wconf 91' lang='lat' dir='ltr'>quo</span> <span class='ocrx_word' id='word_1_334' title='bbox 892 2239 1018 2277; x_wconf 86' lang='lat' dir='ltr'>minus</span> <span class='ocrx_word' id='word_1_335' title='bbox 1032 2237 1310 2278; x_wconf 88' lang='lat' dir='ltr'>Dioscurorum</span> <span class='ocrx_word' id='word_1_336' title='bbox 1321 2267 1334 2283; x_wconf 93' lang='lat'>‚</span> <span class='ocrx_word' id='word_1_337' title='bbox 1348 2250 1448 2290; x_wconf 89' lang='lat' dir='ltr'>quos</span> <span class='ocrx_word' id='word_1_338' title='bbox 1470 2236 1654 2290; x_wconf 85' lang='lat' dir='ltr'>sapientes</span> <span class='ocrx_word' id='word_1_339' title='bbox 1667 2237 1726 2279; x_wconf 84' lang='lat' dir='ltr'>illi</span> 
     </span>
     <span class='ocr_line' id='line_1_39' title="bbox 464 2290 1727 2344; baseline 0.002 -15"><span class='ocrx_word' id='word_1_340' title='bbox 464 2303 675 2340; x_wconf 79' lang='lat' dir='ltr'>vocarunt,</span> <span class='ocrx_word' id='word_1_341' title='bbox 692 2290 923 2344; x_wconf 76' lang='grc' dir='ltr'><em>ἑτερημεριαν</em></span> <span class='ocrx_word' id='word_1_342' title='bbox 936 2291 1172 2344; x_wconf 83' lang='lat' dir='ltr'>alternasque</span> <span class='ocrx_word' id='word_1_343' title='bbox 1186 2293 1291 2331; x_wconf 83' lang='lat' dir='ltr'>vices</span> <span class='ocrx_word' id='word_1_344' title='bbox 1301 2292 1434 2330; x_wconf 82' lang='lat' dir='ltr'>animo</span> <span class='ocrx_word' id='word_1_345' title='bbox 1449 2290 1644 2331; x_wconf 88' lang='lat' dir='ltr'>informes.</span> <span class='ocrx_word' id='word_1_346' title='bbox 1657 2291 1727 2331; x_wconf 87' lang='lat' dir='ltr'>Iu-</span> 
     </span>
     <span class='ocr_line' id='line_1_40' title="bbox 466 2344 1725 2399; baseline 0.004 -17"><span class='ocrx_word' id='word_1_347' title='bbox 466 2344 588 2384; x_wconf 89' lang='lat' dir='ltr'>lianus</span> <span class='ocrx_word' id='word_1_348' title='bbox 600 2355 725 2384; x_wconf 87' lang='lat' dir='ltr'>tamen</span> <span class='ocrx_word' id='word_1_349' title='bbox 738 2344 849 2384; x_wconf 87' lang='lat' dir='ltr'>Orat.</span> <span class='ocrx_word' id='word_1_350' title='bbox 864 2345 938 2392; x_wconf 88' lang='lat' dir='ltr'>lV,</span> <span class='ocrx_word' id='word_1_351' title='bbox 950 2358 1033 2399; x_wconf 86' lang='lat' dir='ltr'>pag.</span> <span class='ocrx_word' id='word_1_352' title='bbox 1051 2360 1064 2384; x_wconf 90' lang='lat'>1</span> <span class='ocrx_word' id='word_1_353' title='bbox 1073 2360 1138 2395; x_wconf 87' lang='lat'>47,</span> <span class='ocrx_word' id='word_1_354' title='bbox 1151 2346 1261 2385; x_wconf 88' lang='lat' dir='ltr'>cuius</span> <span class='ocrx_word' id='word_1_355' title='bbox 1271 2345 1380 2384; x_wconf 90' lang='lat' dir='ltr'>locus</span> <span class='ocrx_word' id='word_1_356' title='bbox 1391 2344 1629 2387; x_wconf 69' lang='lat' dir='ltr'>Eustathlum</span> <span class='ocrx_word' id='word_1_357' title='bbox 1641 2357 1725 2387; x_wconf 79' lang='lat' dir='ltr'>non</span> 
     </span>
     <span class='ocr_line' id='line_1_41' title="bbox 464 2396 1726 2451; baseline 0.002 -14"><span class='ocrx_word' id='word_1_358' title='bbox 464 2396 562 2451; x_wconf 88' lang='lat' dir='ltr'>fugit</span> <span class='ocrx_word' id='word_1_359' title='bbox 576 2398 622 2437; x_wconf 90' lang='lat' dir='ltr'>ad</span> <span class='ocrx_word' id='word_1_360' title='bbox 635 2400 795 2438; x_wconf 90' lang='lat' dir='ltr'>Homer.</span> <span class='ocrx_word' id='word_1_361' title='bbox 816 2412 852 2450; x_wconf 91' lang='lat' dir='ltr'>p.</span> <span class='ocrx_word' id='word_1_362' title='bbox 866 2413 943 2447; x_wconf 89' lang='lat'>410</span> <span class='ocrx_word' id='word_1_363' title='bbox 956 2429 966 2444; x_wconf 82' lang='lat'>‚</span> <span class='ocrx_word' id='word_1_364' title='bbox 987 2399 1105 2447; x_wconf 81' lang='lat'>1686,</span> <span class='ocrx_word' id='word_1_365' title='bbox 1128 2400 1218 2438; x_wconf 90' lang='lat' dir='ltr'>nihil</span> <span class='ocrx_word' id='word_1_366' title='bbox 1233 2399 1330 2439; x_wconf 92' lang='lat' dir='ltr'>hanc</span> <span class='ocrx_word' id='word_1_367' title='bbox 1343 2398 1528 2438; x_wconf 86' lang='lat' dir='ltr'>rationem</span> <span class='ocrx_word' id='word_1_368' title='bbox 1551 2411 1600 2438; x_wconf 89' lang='lat' dir='ltr'>eo</span> <span class='ocrx_word' id='word_1_369' title='bbox 1615 2398 1726 2439; x_wconf 75' lang='lat' dir='ltr'>vale-</span> 
     </span>
     <span class='ocr_line' id='line_1_42' title="bbox 463 2453 1724 2506; baseline 0.001 -15"><span class='ocrx_word' id='word_1_370' title='bbox 463 2464 506 2491; x_wconf 83' lang='lat' dir='ltr'>re</span> <span class='ocrx_word' id='word_1_371' title='bbox 520 2453 714 2492; x_wconf 86' lang='lat' dir='ltr'>contendit</span> <span class='ocrx_word' id='word_1_372' title='bbox 725 2483 737 2501; x_wconf 91' lang='lat'>,</span> <span class='ocrx_word' id='word_1_373' title='bbox 761 2453 1067 2506; x_wconf 89' lang='lat' dir='ltr'>opinionemque</span> <span class='ocrx_word' id='word_1_374' title='bbox 1081 2453 1180 2492; x_wconf 90' lang='lat' dir='ltr'>illam</span> <span class='ocrx_word' id='word_1_375' title='bbox 1195 2454 1359 2506; x_wconf 82' lang='lat' dir='ltr'>exagitat</span> <span class='ocrx_word' id='word_1_376' title='bbox 1372 2464 1552 2505; x_wconf 87' lang='lat' dir='ltr'>tanquam</span> <span class='ocrx_word' id='word_1_377' title='bbox 1572 2453 1724 2496; x_wconf 81' lang='lat' dir='ltr'>inanem</span> 
     </span>
     <span class='ocr_line' id='line_1_43' title="bbox 465 2503 1727 2563; baseline -0.001 -16"><span class='ocrx_word' id='word_1_378' title='bbox 465 2517 580 2560; x_wconf 82' lang='lat' dir='ltr'>atque</span> <span class='ocrx_word' id='word_1_379' title='bbox 593 2519 642 2547; x_wconf 85' lang='lat' dir='ltr'>ex</span> <span class='ocrx_word' id='word_1_380' title='bbox 661 2506 1067 2563; x_wconf 23' lang='lat' dir='ltr'>Theologisssperverse</span> <span class='ocrx_word' id='word_1_381' title='bbox 1087 2506 1282 2548; x_wconf 56' lang='lat' dir='ltr'>intellectis</span> <span class='ocrx_word' id='word_1_382' title='bbox 1297 2506 1466 2547; x_wconf 86' lang='lat' dir='ltr'>haustam</span> <span class='ocrx_word' id='word_1_383' title='bbox 1482 2521 1492 2546; x_wconf 76' lang='grc' dir='ltr'><em>ι</em></span> <span class='ocrx_word' id='word_1_384' title='bbox 1506 2503 1547 2546; x_wconf 80' lang='lat' dir='ltr'>iii</span> <span class='ocrx_word' id='word_1_385' title='bbox 1562 2507 1646 2547; x_wconf 87' lang='lat' dir='ltr'>eius</span> <span class='ocrx_word' id='word_1_386' title='bbox 1656 2518 1727 2552; x_wconf 56' lang='grc' dir='ltr'><em>εις-ρ</em></span> 
     </span>
    </p>
   </div>
  </div>
 </body>
</html>
