1748 3420
183 210 269 254 IN
314 209 756 255 DIALOGOS
810 211 1179 258 DEORUM.
1230 228 1320 276 327

61 295 161 348 regis
177 308 277 335 uxor
292 294 361 334 fuit
376 294 518 347 Aesopi
529 294 621 342 filia,
637 295 713 344 vel,
732 306 777 334 ut
788 295 848 334 alii
866 295 1027 342 volunt,
1039 296 1193 347 Nystei.
1210 299 1322 337 Hanc

64 347 236 401 Iuppiter
248 350 287 387 in
298 348 481 399 Satyrum
496 347 704 388 conversus
719 350 914 400 gravidam
929 348 1033 392 fecit,
1047 364 1144 401 quae
1157 352 1319 391 Zethum

62 402 105 441 δι
118 402 374 454 Amphionem
391 414 438 440 ex
455 415 504 441 eo
520 401 733 454 compreffu
749 404 906 455 peperit.
922 403 1047 440 Lm).

115 455 192 494 ibid.
205 454 487 508 Ἀπηγόρευκιι)
503 454 676 494 Erasmus
687 486 698 502 ‚
712 455 935 494 Benedierus
949 486 960 500 ‚
978 456 1037 494 alii
1049 485 1062 500 ,
1082 458 1185 508 quod
1207 459 1319 498 mire·

0 538 1 544 ,
61 507 131 555 ris,
144 508 183 559 se
194 509 380 561 pariturum
395 523 509 561 negare
521 539 532 556 ,
550 508 710 559 recusare,
730 509 865 547 Latine
878 510 1136 557 reddiderunt3
1156 524 1254 563 quae
1273 512 1320 550 si-

61 560 256 614 gnificatio
280 573 328 601 ne
344 575 513 614 unquam
534 562 635 613 apud
658 561 830 601 Graecos
850 563 887 600 in
908 563 983 601 hoc
1000 562 1120 601 verbo
1140 563 1291 604 haereat
1306 597 1320 611 ,

59 627 293 668 magnopere
305 627 456 654 vereor.
471 615 571 653 Alibi
585 615 717 654 melius
731 615 766 652 in
782 615 861 667 ipso
876 616 1049 654 Luciano
1061 628 1121 654 res
1133 617 1185 654 est
1197 618 1319 669 gesta:

61 667 250 707 notiffima
271 669 394 707 virtus
411 668 617 707 verborum
635 667 893 720 ἀπαγορεύειν,
915 668 1110 716 ἀπειπεῖν,
1129 670 1322 721 ἀπειριικέ.

62 735 122 762 ναι
135 752 147 770 ,
164 720 364 771 ἀπαυὲζνῖν,
385 722 539 774 quando
558 723 643 773 quis
664 721 812 760 labores
827 734 871 761 ac
885 722 1051 773 pericula
1062 721 1238 763 sustinere
1253 737 1320 763 ne·-

60 775 145 827 quit
156 804 168 821 ‚
188 788 400 827 eorumque
412 776 599 826 gravitate
614 773 790 827 fatigatus
804 776 845 814 &
863 774 988 815 vietus
1003 774 1225 823 succumbit,
1241 778 1321 815 ani-

59 841 246 880 mumque
259 828 475 882 despondet.
492 828 642 867 Praeter
654 829 968 880 Lexicographos
979 829 1179 868 cumulum
1192 842 1320 869 exem.

60 882 213 935 plorum
231 882 386 935 collegit
401 881 496 921 P-etr.
515 880 635 920 faber
651 881 832 934 Agon.1‚
853 895 884 921 c.
907 881 942 920 8.
957 883 1120 921 HEMST.

117 937 208 986 Pag.
224 935 287 984 84.
302 937 325 974 l.
342 949 373 974 1.
386 933 519 974 ‘Hse‘coc
531 934 576 974 ἄν
589 932 645 986 νἰξ.
662 933 907 988 πεπρᾶσὲοω)
922 935 976 974 Ut
990 934 1087 974 servi
1100 934 1152 974 ob
1165 935 1320 975 nimiam

57 987 308 1028 dominorum
325 987 559 1041 asperitatem
570 987 708 1039 poffint
723 999 870 1041 petere,
891 999 933 1027 ut
946 988 1177 1034 vendantur,
1192 989 1320 1028 Anto-

0 1051 1 1058 *
60 1043 174 1081 ninus
189 1042 278 1082 Pius
292 1042 513 1091 constituit§
533 1055 547 1079 1
566 1041 649 1080 Inst.
666 1042 708 1080 L.
729 1056 764 1081 2.
777 1042 829 1081 D.
841 1045 900 1081 De
922 1042 974 1080 his
995 1043 1050 1094 qui
1065 1042 1126 1093 sui
1143 1042 1199 1081 vel
1215 1043 1318 1082 alien.

61 1096 126 1134 iur.
137 1096 172 1147 fi
197 1095 321 1148 Quod
343 1108 453 1135 antea
478 1108 635 1148 quoque
661 1095 823 1135 Athenis
843 1095 1043 1135 obtinuilse
1067 1096 1181 1135 docet
1202 1096 1319 1136 Grot.

60 1148 163 1188 Flor.
183 1149 302 1202 Spars.
325 1150 369 1189 ad
388 1151 424 1190 d.
450 1149 465 1198 §
492 1151 699 1188 2.VORST.
717 1150 877 1189 Athenis
895 1148 1008 1188 servo
1028 1149 1123 1189 iusta
1145 1149 1191 1189 de
1207 1150 1322 1189 causa

62 1204 202 1255 πρᾶσιν
212 1203 330 1243 αἰτεῖν
344 1203 491 1249 licebat,
509 1203 549 1242 &
564 1203 740 1242 dominos
752 1203 909 1256 iniquos·
917 1212 961 1242 ut
975 1202 1010 1242 se
1023 1204 1232 1242 venderent
1245 1205 1322 1242 adi-

0 1248 1 1289 j
63 1269 162 1309 gere.
179 1257 336 1297 SOLAN.
351 1257 481 1297 Servis
492 1257 590 1308 apud
600 1257 849 1296 Athenienses
858 1285 868 1303 ,
887 1255 914 1295 fi
926 1257 1037 1296 nimis
1051 1257 1186 1295 immiti
1199 1257 1322 1296 domi-

60 1323 203 1350 norum
222 1322 339 1363 atque
362 1310 593 1350 intolerabili
615 1309 769 1350 saevitia
793 1322 1079 1363 premerentur,
1102 1310 1320 1350 conceffum

62 1364 134 1404 fuit
147 1363 333 1417 postulata
347 1365 566 1404 venditione
585 1364 785 1403 dominum
801 1376 959 1404 mutare.
974 1365 1064 1403 Hoc
1084 1375 1167 1403 erat
1185 1365 1323 1416 πρᾶσιν

62 1418 182 1458 αἰτεῖν
194 1419 258 1458 vel
273 1418 489 1463 αἰτεῖσθαι,
510 1417 600 1457 teste
617 1417 710 1457 Poll.
724 1417 819 1465 VII,
839 1432 899 1470 13,
914 1419 980 1471 qui
999 1418 1153 1470 quando
1169 1430 1322 1467 monet,

62 1472 82 1510 ὃ
93 1471 137 1511 Σὲ
153 1476 198 1511 ΟΙ
212 1476 305 1510 ΝὙΝ
318 1473 418 1521 φασὶ
431 1470 516 1511 τοὺς
528 1471 680 1511 οἰκέτας
693 1469 824 1523 πρᾶο-ιν
839 1472 957 1511 αἰτεῖν
969 1472 1045 1511 &c.
1059 1471 1254 1510 ostendere
1266 1472 1323 1510 vi-

62 1526 188 1572 detur,
207 1524 412 1565 formulam
433 1525 615 1578 loquendi
634 1536 804 1564 veterem
823 1525 908 1578 post
920 1525 1112 1570 Antonini
1131 1525 1183 1564 Pii
1196 1524 1325 1565 rescri-

61 1590 169 1632 ptum
185 1580 222 1618 in
234 1592 479 1619 communem
502 1577 612 1618 usum
625 1578 778 1618 rediisse.
798 1578 880 1618 Cur
896 1591 1023 1618 autem
1037 1578 1226 1618 Plutarch.
1240 1579 1326 1629 περὶ

62 1633 217 1672 Amas.
233 1647 270 1686 p.
287 1633 359 1672 166
378 1632 431 1672 D.
443 1632 577 1672 scribat
589 1662 600 1680 ‚
620 1631 704 1672 ’ἐστι
717 1633 780 1671 καὶ
793 1631 936 1672 :robam
948 1632 1052 1682 νόμος
1064 1632 1262 1684 ἐλευθερίαν
1276 1633 1323 1669 ἐι-

61 1685 242 1740 πογνοῧσι
258 1686 396 1739 πρᾶο-ιν
412 1686 626 1732 atinio-&db
644 1686 709 1725 καὶ
723 1684 913 1726 δεσπότην
928 1685 1192 1736 μεταβάλλειν
1206 1685 1324 1724 ἐπιει-

62 1740 244 1794 κέστερον,
264 1741 355 1779 mihi
378 1740 528 1794 quidem
549 1752 630 1779 non
651 1738 735 1779 satis
755 1740 997 1792 expeditum,
1016 1739 1086 1791 qui
1105 1752 1241 1791 parum
1257 1739 1325 1778 vi-

62 1794 184 1842 deam,
199 1795 290 1847 quid
303 1808 352 1834 eo
364 1795 553 1847 pertinere
566 1793 679 1846 poffit
692 1792 983 1846 consequendae
1000 1793 1184 1832 libertatis
1198 1791 1325 1844 despe-

9 1874 14 1878 »
61 1850 180 1896 rati03
201 1848 267 1887 nisi
287 1847 388 1887 forte
407 1847 559 1888 Σοὺλους
582 1861 647 1887 την
669 1846 866 1898 ἐλευθερίαν
883 1847 1124 1899 &myra-511⁷&
1139 1846 1326 1899 ampliore

62 1902 183 1954 paulo
205 1900 310 1941 sensu
332 1903 528 1954 capiamus
552 1899 683 1940 servos
703 1901 924 1940 crudelitate
940 1901 1185 1940 dominorum
1210 1911 1326 1952 atque

63 1956 210 1995 iniuriis
225 1969 274 1995 eo
282 1956 479 2001 redariios,
496 1966 539 1993 ut
551 1955 597 1994 de
608 1955 781 1994 libertate
795 1955 956 1993 omnino
971 1953 1168 2006 desperent
1180 1984 1191 2000 ,
1210 1965 1326 2005 atque

65 2010 119 2049 ob
133 2009 410 2048 intolerabilem
428 2008 620 2048 saevitiam
635 2010 748 2048 vendi
765 2009 929 2060 cupiant.
946 2008 1047 2047 Inter
1061 2008 1161 2059 leges
1180 2007 1326 2045 Atticas

65 2076 116 2103 ex
128 2063 201 2102 hoc
214 2062 297 2102 solo
310 2063 401 2103 loco
416 2062 452 2102 S.
469 2062 612 2101 Petitus
625 2076 661 2115 p.
677 2061 749 2111 178
764 2061 951 2115 reposuit3
972 2060 1233 2113 praetermisit,
1249 2061 1325 2099 stu-

66 2117 180 2156 dione
194 2129 243 2155 an
258 2127 400 2156 temere
412 2146 425 2162 ‚
444 2115 473 2155 I.
488 2115 676 2155 Meurfius
695 2117 734 2154 in
748 2116 958 2155 Themide:
983 2114 1206 2154 Plutarchus
1224 2127 1327 2153 certe

65 2181 147 2210 non
161 2170 269 2210 aliter
279 2170 463 2223 loquitur,
479 2182 595 2221 quam
609 2170 654 2208 de
676 2182 716 2208 re
731 2169 787 2208 sui
802 2169 989 2222 temporis
1001 2168 1040 2208 δι
1054 2179 1146 2206 nota
1157 2167 1197 2206 &
1214 2167 1327 2206 usita-

67 2234 125 2270 ta,
140 2224 299 2277 parique
310 2224 429 2263 modo
439 2223 549 2262 Philo
560 2222 640 2262 Iud.
653 2223 698 2262 de
707 2224 787 2262 Vir.
801 2221 1020 2273 Contempl.
1036 2236 1072 2275 p.
1086 2222 1161 2273 892
1175 2221 1331 2260 C.The-

67 2290 266 2331 rapeutae‚
277 2289 321 2317 ut
333 2279 459 2331 quiete
471 2275 657 2323 fruantur,
669 2289 748 2316 non
760 2286 909 2315 mutant
921 2276 1048 2324 urbes,
1061 2273 1184 2324 ὥσπερ
1195 2274 1223 2313 οἱ
1235 2276 1330 2326 πρᾶ-

69 2345 128 2370 σιν
153 2331 356 2381 αἰτούμενοι
379 2333 485 2383 ’παρὰ
506 2330 577 2369 τῶν
600 2331 830 2380 κεκτημένων
854 2329 1019 2382 ἀτυχεῖς·
1038 2330 1056 2368 ii
1079 2328 1301 2367 nxnbciovmt
1317 2358 1329 2374 ,

39 2416 45 2421 .
71 2384 404 2449 (Νοίὶετωειρρεὶὶετ
418 2384 540 2423 κακῶς
554 2382 811 2422 δουλεύοντας.
826 2384 974 2442 Eunap3
990 2383 1027 2421 in
1045 2382 1180 2422 Aedes.
1196 2396 1231 2434 p.
1247 2382 1268 2420 8
1279 2396 1291 2418 1
1301 2381 1329 2431 .)

71 2438 267 2478 ὃεσποτων
289 2438 533 2489 αποιλλοιγῆν
552 2434 614 2475 οὔκ
633 2436 829 2489 ἐλευθερίαν
844 2436 988 2475 ἑαυτοῖς
1009 2436 1262 2488 ἐκπορίζοντες·
1284 2434 1332 2473 ad

73 2492 292 2532 accuratius
306 2504 468 2534 examen
480 2491 544 2530 ista
558 2503 741 2532 revocare
754 2503 856 2531 nunc
869 2491 1115 2582 quideanon
1129 2489 1246 2529 lubet.
1258 2488 1335 2527 Ln=

1080 2558 1089 2572 4

1068 2574 1097 2591 Ἷῐ
