1748 3420
436 230 528 290 418
626 224 1505 275 ANNOTATIONES

432 316 534 356 male
549 312 732 353 multatus
743 325 766 351 a
778 312 942 353 librariis
955 343 968 360 ,
980 313 1080 354 haud
1093 314 1257 353 omnino
1271 314 1360 353 mihi
1373 314 1616 369 exploratum
1629 313 1697 356 est.'

434 369 474 408 Si
489 370 572 420 quis
579 368 708 407 Thom
715 379 758 406 ae
771 367 1004 419 patrocinari
1018 367 1127 412 velit,
1139 379 1219 406 non
1230 368 1357 420 inepte
1371 379 1492 420 putet,
1506 382 1594 408 eum
1609 368 1696 408 scri-

434 421 555 475 pstffe,
566 421 773 470 Ἐπελπίζω
787 417 824 460 οὗ
840 420 942 469 μόνον
956 423 998 458 το
1012 419 1222 473 προσδοκῶ,
1236 422 1342 473 quod
1355 421 1499 460 rectum
1514 421 1586 461 effe
1600 434 1694 460 mox

434 475 601 528 patebit,
618 475 658 513 &
680 474 719 512 in
743 473 897 513 Luci-ani
917 474 1066 519 verbis,
1084 473 1150 511 καὶ
1167 473 1357 524 ἐπελπίζει
1370 505 1382 524 ,
1399 475 1488 527 quia
1506 474 1696 514 subicffilus

436 527 676 580 Thucydidis
690 526 820 573 locus,
834 527 896 565 ubi
917 527 1030 565 literis
1040 524 1219 579 expressis
1235 525 1464 573 ἐπίιλπισαν,
1479 529 1670 579 prioribus
1682 557 1697 573 ,

435 582 503 621 nist
517 583 569 620 ita
584 579 801 627 retineris,
814 580 1023 619 convenire
1043 592 1123 618 non
1140 580 1287 618 videtur
1299 593 1311 627 3
1323 593 1555 633 quamquam
1572 581 1696 620 obsta·

434 649 478 675 re
499 633 675 674 nonnihil
687 632 807 672 fateor
827 634 1006 672 iteratum
1022 633 1112 671 illud
1131 633 1272 683 ἑλπιζει
1290 633 1325 671 in
1343 633 1538 672 Βουκολεῖν·
1558 646 1628 673 nec
1649 635 1695 674 de

436 689 572 728 menda
585 687 790 739 quidquam
802 686 1056 725 subodoratus
1067 685 1138 724 fuit
1153 686 1186 724 N
1192 685 1278 724 icol.
1295 685 1429 725 Loens.
1441 686 1621 740 Epiphyl.
1636 687 1669 726 11
1684 718 1695 735 ,

437 755 471 782 c.
489 757 549 795 23.
563 742 652 780 Hoc
668 752 865 792 utcunque
883 738 998 778 fuerit
1012 738 1279 784 existimatum,
1297 740 1332 777 in
1345 739 1514 779 Luciano
1526 752 1626 780 certe
1637 740 1697 778 ἐλ-

436 796 536 846 πίζει
553 793 660 834 nullo
675 794 794 832 modo
809 793 964 832 tolerari
979 792 1099 844 potest
1115 807 1122 829 :
1145 793 1234 831 licet
1245 793 1345 831 enim
1366 794 1401 831 in
1416 793 1593 832 Homero
1609 791 1695 832 sim-

437 849 529 903 plici
542 848 664 887 verbo
679 845 801 885 ἕλπειν
823 847 946 885 addita
960 844 1004 884 s1t
1025 847 1149 884 virtus
1173 845 1301 884 acliva
1323 845 1372 886 είς
1395 845 1559 885 ἐλπίδας
1572 846 1696 900 ἄγειν,

438 903 565 942 oratio
581 913 706 940 tamen
718 898 825 951 prosa
838 899 942 938 illum
956 898 1065 938 usum
1080 898 1144 937 τοῦ
1159 899 1319 949 ἐλπίζειν
1331 898 1624 938 confiantiffime
1636 913 1696 939 re-

439 956 612 1010 pudiavit
625 970 633 994 ε
646 954 746 992 recle
757 953 920 1011 fivelAm
927 954 1094 999 monins,
1102 951 1166 991 seu
1175 952 1392 992 Herennius
1401 951 1526 1000 Philo,
1536 952 1577 991 &
1590 966 1696 1006 pror-

438 1009 499 1049 sus
514 1007 805 1048 accommodate
815 1021 822 1044 :
832 1002 1024 1046 Ἠλπισαν
1039 1006 1104 1044 καὶ
1118 1005 1357 1044 Ἐπιὶλπισαν
1370 1005 1546 1057 ὃιαφερει·
1560 1003 1696 1045 Ἤλπι·

439 1077 511 1102 σαν
524 1062 592 1112 μὲν
606 1062 685 1113 γὰρ
699 1055 803 1098 afim
823 1073 926 1098 τινας
938 1059 1104 1099 ἐλπίδας
1119 1057 1280 1110 ἔχοντες
1291 1061 1374 1111 περί
1390 1072 1498 1098 τινος·
1514 1055 1694 1099 ’conimi-

440 1130 512 1155 σαν
526 1114 572 1153 δὲ
587 1111 698 1165 ἕτεροι
710 1111 862 1164 ἑτέρους,
876 1112 926 1152 εἰς
939 1112 1086 1151 {misae
1098 1110 1266 1165 ἤγαγον.
1281 1111 1552 1163 Quamobrem
1565 1112 1697 1165 vulga-

440 1179 503 1208 tae
518 1168 726 1208 bonitatem
744 1165 915 1205 lectionis
927 1166 1071 1218 optime
1084 1178 1218 1205 contra
1230 1164 1442 1205 Graevium
1453 1165 1602 1205 afferuit
1612 1166 1697 1206 Ien-

441 1221 532 1261 fius:
548 1222 710 1260 alienum
724 1218 777 1258 est
789 1219 1015 1270 ἀπελπίζει,
1031 1230 1068 1258 at
1097 1232 1145 1258 ue
1160 1218 1338 1258 abhorret
1351 1232 1373 1258 a
1384 1219 1536 1259 Luciani
1549 1232 1693 1272 propo-

438 1275 514 1315 fito
528 1288 536 1314 :
554 1286 682 1327 neque
696 1285 783 1312 eum
799 1285 968 1312 errorem
980 1285 1059 1312 non
1089 1272 1182 1312 acile
1194 1271 1345 1311 vitaffet
1357 1273 1416 1311 vir
1432 1285 1612 1325 magnus,
1626 1272 1694 1312 nifi

439 1330 577 1368 mentis
597 1328 699 1366 acies
717 1326 781 1365 vel
797 1327 1046 1366 contentione
1061 1325 1218 1377 fatigata
1232 1354 1242 1371 ,
1258 1326 1322 1364 vel
1336 1327 1425 1366 alibi
1439 1325 1565 1366 fuisset
1579 1339 1696 1366 occu·

441 1393 546 1435 pata.
560 1380 684 1435 Ipsum
701 1379 775 1419 hoc
786 1379 1008 1430 ἐπελπίζειν,
1020 1380 1113 1432 spem
1121 1379 1236 1430 Jizcere
1249 1409 1259 1427 ‚
1276 1379 1338 1431 spe
1344 1381 1515 1433 proposita
1529 1381 1648 1418 laHare
1661 1381 1695 1418 δ’

434 1436 593 1490 frustrari
604 1466 615 1484 ‚
628 1435 699 1474 iam
713 1432 925 1485 Stephanus
941 1444 1191 1472 annotaverat
1206 1432 1338 1472 T11.T.
1355 1433 1390 1481 1,
1405 1447 1440 1486 p.
1460 1447 1475 1472 1
1487 1447 1574 1486 199,
1583 1434 1695 1473 Thu-

439 1490 607 1541 cydidis,
623 1487 778 1528 Luciani
791 1487 830 1525 δι
847 1486 979 1526 Suidae
994 1486 1218 1526 auctoritate
1239 1487 1451 1526 munitum:
1466 1488 1511 1526 ad
1527 1487 1696 1539 Thucy-

440 1541 776 1592 didislocum,qui
791 1540 858 1579 sub
875 1541 1019 1580 initium
1039 1539 1092 1580 est
1110 1540 1192 1578 libri
1212 1540 1328 1588 vm,
1342 1540 1566 1580 Scholiastes
1579 1542 1696 1580 inter-

439 1608 625 1651 pretatur,
640 1595 690 1635 εἰς
704 1593 870 1633 ἐλπίδας
887 1595 1099 1644 ἐμβάλλειν.
1110 1594 1153 1632 In
1167 1593 1434 1634 Grammaticis
1444 1594 1483 1633 δι
1496 1593 1607 1634 Suida
1617 1594 1695 1634 sae-

440 1651 526 1704 pius
538 1649 707 1689 occurrit
725 1648 952 1700 explicandis
972 1648 1170 1701 proximae
1186 1647 1378 1700 potestatis
1399 1648 1526 1688 verbis
1544 1647 1695 1701 apposi-

439 1715 521 1744 tum
535 1717 543 1743 :
559 1702 904 1754 Ἐ’ψυχαγεὸγισε,
928 1701 1121 1741 ἐπήλπισε
1140 1701 1214 1740 &c.
1235 1701 1336 1740 Bato
1351 1701 1460 1754 apud¹
1473 1703 1634 1741 eundem
1654 1703 1693 1741 in

440 1757 579 1810 Hv8oe7
588 1756 847 1809 όραςἘφεσιος,
858 1752 990 1794 αὖτοὺς
999 1755 1206 1805 ἐπελπίζων
1218 1755 1303 1794 ταῖς
1312 1752 1560 1808 ὑποσχέσεσι·
1573 1768 1693 1808 quam

471 1823 588 1851 artem
616 1812 653 1849 in
676 1809 900 1858 Ἐπελπίζων
930 1807 1069 1848 omiffo
1096 1807 1285 1861 scriptoris
1313 1809 1468 1848 nomine
1500 1810 1695 1861 proponit.

441 1826 549 1904 Eion
565 1863 663 1903 Caff.
677 1877 712 1916 p.
729 1861 801 1914 893
820 1862 865 1902 C.
882 1863 945 1902 καὶ
956 1859 1022 1902 τοῦ
1035 1864 1216 1911 πολέμου,
1230 1858 1444 1912 ξὲἶμέιλιστα
1457 1862 1662 1914 ἐβαρύνοντο
1677 1893 1692 1909 ,

440 1918 687 1968 ἀπαλλάξειν
703 1915 924 1955 ἐπελπίσας.
941 1916 1104 1968 Appian.
1122 1916 1167 1954 de
1181 1916 1224 1953 B.
1243 1914 1280 1953 P.
1295 1929 1330 1967 p.
1350 1917 1400 1955 66
1419 1915 1471 1954 D.
1488 1917 1552 1954 καὶ
1574 1913 1694 1955 ἐπύλ-

439 1986 561 2011 πισαν
577 1968 896 2023 (Φαμαίαν)περὶ
909 1971 1100 2009 πλειόνων·
1115 1969 1160 2008 de
1179 1969 1221 2007 Β.
1241 1968 1372 2007 Mithr.
1396 1982 1433 2021 p.
1450 1969 1547 2014 216,
1562 1972 1695 2009 πολλὰ,

437 2027 522 2076 περὶ
534 2025 660 2063 Ἀσίας
673 2021 776 2071 αὖτῷ
793 2022 854 2060 καὶ
866 2021 936 2062 τᾶν
951 2022 1072 2076 ἐγγὺς
1085 2022 1184 2061 ἐθνῶν
1198 2022 1471 2073 ἐπελπίζοντες·
1486 2023 1550 2061 ubi
1565 2023 1694 2075 legen·

438 2080 529 2118 dum
544 2074 671 2123 αὐτὸν,
689 2086 731 2116 ut
743 2075 843 2128 apud
860 2076 1008 2129 Ioseph.
1023 2077 1072 2116 Α.
1092 2076 1118 2114 1.
1132 2076 1223 2114 XllI
1235 2105 1245 2121 ,
1259 2088 1293 2114 c.
1310 2089 1375 2122 12,
1389 2075 1404 2125 §
1420 2091 1440 2115 2
1452 2105 1463 2121 ,
1476 2076 1612 2124 XV,c.
1624 2075 1693 2127 7‚§

443 2146 459 2171 1
468 2163 476 2171 .
496 2132 641 2184 alioqui
658 2130 781 2170 sensus
796 2128 909 2176 foret,
921 2132 1061 2170 multum
1073 2130 1107 2168 in
1119 2129 1232 2181 cospci
1244 2132 1281 2167 de
1296 2129 1608 2182 Afiafim'timisque
1617 2145 1696 2183 gen-

435 2187 526 2224 tibus
541 2187 696 2224 hahentes
707 2185 879 2234 repofitum
887 2200 904 2231 ;
917 2185 1023 2236 quod
1036 2197 1056 2222 a
1077 2182 1318 2235 sequentibus
1331 2183 1372 2221 ὃ(
1386 2184 1550 2236 Appiani
1565 2195 1695 2223 mente

435 2239 552 2292 longe
565 2240 765 2291 discrepat:
783 2249 868 2275 nam
883 2237 1068 2277 Gelenius
1087 2237 1239 2289 quidem
1255 2237 1439 2289 interpres
1458 2236 1569 2290 plane
1586 2237 1695 2276 aber·

437 2305 496 2332 rat
508 2308 515 2331 :
527 2293 573 2331 de
587 2293 630 2332 B.
645 2292 748 2331 Ann.
759 2304 796 2342 p.
812 2304 880 2343 341
898 2291 943 2331 C.
956 2293 1019 2330 καὶ
1033 2290 1116 2329 τοὺς
1130 2289 1226 2329 ἔιδον
1239 2290 1464 2341 ἐπελπίζων.
1480 2290 1571 2330 Νοη
1585 2290 1694 2330 aliter

435 2346 576 2386 Graeci
587 2345 640 2385 Ps.
651 2343 831 2391 CXVIII,
845 2357 911 2396 49,
923 2342 1113 2384 Μνήσὸητι
1126 2343 1195 2383 τῶν
1206 2344 1332 2395 λόγων
1345 2357 1409 2382 σου
1420 2342 1471 2393 τῷ
1480 2342 1602 2392 ἓοὺλῳ
1613 2358 1694 2392 σου,

435 2395 484 2439 ἶὶἷν
498 2398 780 2449 ἑπήλπισαςμε·
796 2397 885 2435 illud
899 2399 1014 2451 paulo
1025 2398 1107 2450 plus
1117 2397 1196 2436 abit
1211 2398 1262 2436 lV
1280 2397 1373 2448 ch.
1387 2396 1535 2442 XVIII,
1546 2410 1609 2448 30,
1620 2398 1693 2437 Καὶ

433 2453 488 2503 μὴ
501 2453 734 2504 ἑπελπιζέτω
750 2449 846 2500 ὑμᾶς
861 2451 1018 2502 Ἐζεκίας
1037 2455 1129 2502 πρὸς
1151 2451 1242 2503 (vel
1257 2452 1317 2489 ἐπὶ
1331 2451 1346 2502 )
1361 2450 1492 2502 Κύριον·
1518 2452 1551 2487 δ’
1569 2465 1609 2488 ne
1630 2464 1695 2488 vos

427 2507 608 2561 frustretur
619 2508 654 2544 Ε
657 2507 769 2559 {ekias
772 2506 855 2556 spes
867 2508 989 2559 vestras
999 2509 1047 2545 ad
1053 2507 1243 2546 Dominum
1255 2506 1484 2545 convertendo.
1497 2502 1697 2546 Strufilura
