1748 3420
422 244 513 288 3¹0
619 221 1530 272 ANNOTATIONES*

471 317 544 353 ead.
557 314 581 352 l.
604 327 619 351 1
633 325 665 359 ς.
682 315 750 352 Σὺν
764 310 808 351 ἂν
825 308 879 351 εἴη
898 309 966 349 τοῦ
985 309 1174 349 δικαστοῦ
1182 310 1199 363 )
1212 310 1320 351 Talis
1339 311 1488 353 locutio
1502 312 1605 365 apud
1619 304 1689 353 C’r'-

417 381 492 408 cer.
510 366 606 406 Phil.
619 367 674 405 Il:
698 379 792 404 tuum
812 364 956 404 hominis
967 365 1134 416 fimplicis
1150 369 1264 416 peft‘us
1277 365 1440 407 vt'AEmus.
1455 367 1559 405 Vide
1573 366 1683 407 Voff.

418 432 543 461 contr.
556 434 591 473 p.
612 433 686 467 127
707 419 747 459 δι
764 420 853 471 138,
871 419 938 457 ubi
959 419 1068 471 plura
1082 417 1267 457 eiusmodi
1283 421 1466 470 exempla.
1483 420 1604 465 LEED.
1671 443 1676 447 Δ

472 474 565 525 Pag.
577 473 641 513 66.
656 474 679 512 l.
696 488 728 526 3.
744 471 1053 523 'Amo‘rpzoemv)
1068 471 1126 510 Ex
1141 470 1224 511 Mff.
1236 471 1315 510 ΟΧ.
1335 479 1373 511 ὅς
1394 473 1433 512 P.
1453 473 1493 512 &
1506 474 1563 513 ed.
1580 474 1609 512 Ι.
1624 485 1683 512 re-

419 526 641 580 posuimus,
656 539 731 579 pro
745 526 1003 577 ἑιτεστροὶεην,
1022 525 1129 576 quod
1143 526 1177 562 in
1197 526 1352 577 reliquis
1368 527 1512 576 iegitur.
1524 527 1685 566 sotim

474 583 548 620 ead.
562 576 751 628 l.4.‘HPA.
767 578 921 617 Καλῶςν
944 578 1001 616 lta
1023 579 1200 630 digerunt
1222 579 1277 617 fl.
1297 579 1383 617 Ald.
1401 580 1457 616 H.
1477 593 1509 618 1.
1531 580 1561 618 J.
1574 582 1619 619 B.
1643 592 1682 619 ε’.

420 634 480 674 Fr.
497 633 588 688 (Ms.
598 634 676 674 Ox.
691 645 786 672 vero
801 632 882 685 post
899 628 926 670 ἷι
946 631 1059 684 Πάρι)
1075 631 1321 671 Recentiores
1339 632 1601 679 mutarutm&
1618 636 1683 672 Vct

422 703 529 727 nerem
545 689 637 728 haec
651 688 873 740 loquentem
890 684 1073 724 fecerunt.
1095 685 1142 724 Et
1162 686 1326 724 omnino
1348 685 1566 733 fatendum,
1581 685 1608 724 st
1628 685 1683 726 se-

421 741 546 793 posita
559 742 644 781 Mss.
660 740 783 781 Codd.
799 739 1038 784 auctoritate,
1059 750 1205 777 textum
1219 751 1291 790 pro
1304 739 1430 778 lubitu
1448 740 1684 793 interpolare

420 796 556 842 liceat,
570 794 665 834 stare
678 793 781 847 poffe
795 805 933 832 eorum
947 794 1145 831 rationem.
1160 792 1304 831 Veneri
1316 793 1418 831 enim
1435 793 1529 833 haec
1538 794 1684 845 optime

422 850 683 895 conveniunt,
705 847 744 886 δε
758 846 917 899 speciem
933 846 1046 884 habet
1059 858 1236 884 amorum
1250 845 1337 885 Dea
1349 877 1362 894 ‚
1383 858 1465 885 non
1484 847 1597 887 nimis
1619 859 1686 887 ca-

420 902 477 941 sta
490 933 502 949 ,
526 904 664 942 nudam
679 901 752 940 sese
766 901 887 939 videri
899 900 1077 951 cupiens,
1094 899 1135 939 &
1150 899 1292 951 virgini
1309 900 1533 947 Minervae,
1552 899 1690 941 castae-

424 970 501 1008 que
518 968 716 996 matronae
730 954 869 993 lunoni
880 983 891 1001 ,
911 953 1071 1006 gratiam
1087 951 1260 1005 obsequii
1275 953 1344 993 hac
1366 954 1406 991 in
1426 965 1532 1007 parte
1545 955 1687 1006 praeri-

422 1011 544 1062 piens.
560 1010 670 1061 Quin
684 1010 723 1048 &a
737 1009 794 1047 his
805 1009 878 1046 iam
892 1005 1057 1059 scriptis,
1078 1007 1194 1046 video
1208 1007 1355 1046 Veneri
1366 1007 1458 1046 haec
1472 1009 1510 1047 in
1532 1007 1572 1046 P.
1588 1008 1629 1047 δι
1640 1008 1684 1048 L.

424 1065 554 1102 tribui.
579 1065 662 1115 Ego
686 1073 815 1100 tamen
830 1092 840 1107 ‚
862 1061 1000 1112 quibus
1020 1059 1192 1099 indueus
1214 1061 1425 1100 rationibus
1448 1060 1572 1101 Iunoni
1593 1057 1690 1102 hae'c

425 1118 642 1162 vindicem,
661 1117 840 1169 aperiam.
859 1115 1049 1154 lunonem
1072 1127 1095 1152 a
1121 1114 1242 1153 iudice
1265 1113 1478 1167 impositam
1499 1115 1693 1155 conditio-

424 1184 514 1209 nem
527 1173 693 1222 arripere
705 1169 833 1208 voluit
849 1169 1042 1207 lucianus
1052 1199 1063 1215 ,
1085 1180 1164 1206 non
1176 1166 1297 1207 solum
1315 1181 1364 1207 ne
1374 1168 1619 1209 <tetre-stando
1631 1169 1689 1208 iu·-

426 1224 549 1263 dicem
566 1225 629 1262 vel
645 1223 831 1262 tantillum
847 1221 1081 1267 offenderet,
1103 1234 1219 1274 quem
1240 1221 1362 1260 nudas
1380 1222 1534 1261 videndi
1548 1234 1690 1275 percu—

426 1278 555 1330 pidum
565 1277 765 1323 sentiebat,
776 1275 836 1315 sed
848 1276 1050 1328 praecipue
1062 1285 1107 1314 ut
1116 1285 1335 1315 occurreret
1346 1274 1560 1328 suspicioni,
1570 1289 1689 1330 quam

427 1330 590 1370 suboriri
604 1344 651 1370 ex
666 1344 716 1370 eo
737 1330 956 1377 verebatur,
976 1329 1083 1381 quod
1097 1330 1144 1368 ab
1161 1330 1267 1368 oculis
1287 1340 1434 1368 tantum
1451 1330 1493 1370 δι
1511 1330 1644 1369 lacertis
1665 1342 1689 1370 a

426 1386 555 1437 poetis
578 1385 722 1424 laudari
745 1384 781 1423 se
795 1383 945 1423 sciebat.
961 1384 1070 1422 Haec
1083 1384 1184 1422 enim
1198 1383 1277 1422 duo
1288 1383 1453 1435 epitheta
1466 1384 1692 1423 λευκώλενος

426 1439 470 1478 8(
483 1439 635 1486 βοῶπις,
656 1439 700 1477 ad
713 1450 810 1491 quae
826 1437 957 1476 alludit
969 1437 1184 1482 Lucianus‚
1202 1436 1343 1476 Iunoni
1354 1437 1456 1489 apud
1467 1437 1690 1477 Homerum

426 1491 633 1545 saepissime
648 1492 779 1539 tribui,
794 1504 922 1539 nemo,
939 1491 1006 1543 qui
1027 1491 1092 1530 vel
1106 1490 1242 1530 leviter
1260 1491 1364 1530 hunc
1377 1492 1535 1544 po'e'tam‘
1548 1491 1690 1531 deliba-
1720 1519 1723 1523 v

427 1549 553 1592 verit,
572 1548 737 1599 ignorat.
756 1546 835 1584 lam
851 1557 947 1584 vero
959 1544 987 1582 si
1000 1545 1193 1584 Venerem
1208 1544 1429 1596 loquentem
1446 1542 1572 1592 facias,
1591 1546 1692 1598 perit

426 1601 542 1640 iocus
552 1598 836 1647 urbanissimus3
856 1609 921 1638 aut
934 1629 947 1645 ,
965 1597 995 1637 fi
1019 1600 1152 1649 partim
1175 1598 1400 1646 afl'ervatur‚
1422 1597 1611 1638 Iunonem
1627 1598 1689 1640 so-

426 1653 505 1693 lam
522 1655 614 1706 petit
630 1655 790 1699 Venus,
813 1666 902 1693 cuni
917 1654 954 1691 in
976 1653 1195 1692 Minervam
1211 1652 1344 1691 cadere
1365 1664 1445 1691 non
1465 1651 1579 1703 poffit
1597 1652 1690 1698 βοῶ-

426 1723 513 1754 πις,
525 1708 632 1761 quod
644 1707 796 1752 Iunoni,
812 1718 856 1746 ut
867 1706 908 1746 &
922 1708 1158 1752 λευκώλενος,
1176 1707 1372 1759 proprium
1385 1704 1449 1745 est.
1466 1705 1505 1745 Si
1521 1718 1566 1745 ea
1580 1719 1692 1747 mens

425 1763 601 1802 Luciano
618 1760 761 1809 fuisset,
778 1760 1008 1815 γλαυκῶπις
1025 1759 1241 1813 scripsisset,
1257 1760 1362 1812 quod
1380 1760 1584 1800 Minervae
1597 1773 1690 1814 pro-

425 1817 554 1869 prium
568 1817 779 1867 epithetum
793 1814 855 1854 est.
869 1815 1027 1854 SOLAN.
1039 1814 1248 1867 Impetrare
1263 1827 1283 1852 a
1307 1826 1368 1853 me
1390 1825 1468 1853 non
1490 1814 1627 1867 potui,
1642 1824 1689 1854 ut

425 1869 677 1923 personarum
694 1869 883 1917 ordinem,
903 1869 970 1920 qui
982 1869 1018 1906 in
1036 1868 1236 1919 postremis
1247 1868 1328 1907 edd.
1348 1879 1523 1920 apparet,
1542 1879 1689 1908 temere

425 1935 629 1964 mutarem.
655 1924 764 1962 Haec
785 1922 992 1962 commode
1012 1922 1159 1961 Veneri
1182 1921 1362 1961 videntur
1385 1919 1564 1970 adscribi,
1587 1934 1688 1975 quae

424 1978 501 2016 iam
517 1977 632 2030 supra
652 1976 745 2016 ioco
761 1977 957 2016 acerbiore
975 1988 997 2014 a
1015 1975 1166 2014 Iunone
1180 1973 1298 2022 taeta,
1318 1984 1580 2027 opportunam
1595 1975 1691 2016 ulci-

424 2030 583 2071 scendae
604 2031 767 2070 iniuriae
783 2029 1022 2070 occasionem
1046 2042 1126 2068 non
1150 2029 1434 2082 praetermittit,
1449 2039 1564 2082 atque
1588 2030 1688 2070 adeo

423 2085 585 2124 rivalem
601 2098 645 2124 ea
663 2086 701 2123 in
723 2098 764 2123 re
778 2084 934 2136 pungit,
953 2096 1001 2122 ex
1021 2096 1099 2135 qua
1116 2083 1279 2122 maxime
1291 2082 1494 2122 videbatur
1508 2083 1686 2124 dolitura·

424 2136 622 2178 Homerus
636 2150 762 2177 autem
776 2149 820 2176 ut
833 2137 1022 2176 lunonem
1036 2137 1259 2176 λευκώλενον
1271 2136 1392 2176 solum
1407 2149 1451 2176 ac
1470 2135 1688 2187 &hunsse

424 2193 619 2232 Venerem
643 2190 938 2245 frequentissime
961 2202 1079 2230 vocat
1101 2190 1222 2231 amm
1249 2191 1289 2230 δι
1311 2189 1469 2243 χρυσῆν·
1492 2190 1570 2230 hoc
1588 2203 1688 2245 ergo

423 2247 597 2299 principe
611 2249 816 2300 poetarum
829 2244 922 2284 teste
936 2245 1094 2284 vincere
1105 2255 1267 2297 poterat,
1281 2243 1318 2283 se
1329 2254 1450 2284 totam
1463 2242 1538 2284 effe
1550 2243 1690 2286 ἐπίσης
1725 2256 1727 2258 ·

422 2300 489 2339 καὶ
504 2300 631 2348 ὁμοίως
644 2300 780 2345 καλὴν,
798 2312 886 2339 cum
899 2299 1001 2338 Iuno
1013 2309 1165 2337 tantum
1183 2299 1229 2337 ab
1243 2311 1319 2336 una
1331 2298 1530 2351 alteraque
1541 2310 1690 2352 corpo-

422 2355 477 2392 ris
497 2364 607 2407 parte
625 2354 819 2393 laudetur:
847 2353 989 2392 idcirco
1014 2363 1215 2403 tantopere
1240 2351 1409 2399 festinat,
1425 2363 1471 2391 ut
1489 2351 1526 2391 se
1541 2352 1686 2393 nudam

421 2407 571 2447 formae
593 2406 794 2459 spectatori
819 2407 999 2459 praebeat
1033 2405 1363 2458 conspiciendam,
1388 2406 1514 2446 minus
1539 2406 1653 2446 etiam
1673 2436 1686 2455 ‚

422 2475 537 2510 finam
550 2462 712 2501 comites
723 2460 822 2500 haud
836 2460 950 2513 paulo
961 2459 1156 2506 castiores,
1169 2459 1304 2512 pudori
1321 2459 1502 2499 serviens.
1518 2458 1687 2510 Deinde,

424 2515 449 2554 ss
462 2515 534 2555 iam
548 2516 609 2556 hic
624 2527 778 2556 emnem
801 2514 978 2556 vestitum
1003 2515 1101 2554 Iuno
1116 2512 1363 2567 deposuiffet,
1382 2512 1476 2567 quid
1489 2523 1574 2554 erat
1586 2525 1690 2556 cau-
