1748 3420
190 212 277 264 ΙΝ
327 218 765 266 DIALOGOS
814 222 1185 271 DEORUM.
1233 240 1325 289 309

50 302 102 347 B.
116 305 173 346 ed.
197 305 314 346 secuti
341 307 481 346 sumus.
497 307 683 360 Reliquae
697 304 818 356 ἄλλῳ,
839 308 904 347 nisi
919 311 1023 362 quod
1039 311 1074 349 in
1092 312 1122 350 I.
1140 313 1326 363 punctum

54 358 124 398 sub
142 375 167 397 ω
180 360 291 400 deest.
305 360 461 400 SOLAN.
476 362 557 400 Ἐπ’
570 360 678 411 ἄλλῳ
692 374 926 414 quamquam
942 363 1087 403 defendi
1106 364 1228 417 poffir,
1245 378 1326 405 non

55 413 108 452 ita
129 424 258 454 tamen
283 413 377 453 solet
394 413 554 454 Noster:
575 415 636 453 ἐπ’
655 415 785 453 ἐκεῖνον
804 416 1068 465 μεταβήσεται
1086 415 1103 458 ἦ
1120 418 1235 472 ψυχὴ
1249 450 1261 467 ,
1283 419 1326 459 &

56 465 227 519 saepius:
250 479 369 520 quare
383 481 522 508 verum
540 467 594 507 est
611 468 670 507 ἐπ’
689 470 796 506 αλλο.
812 469 911 507 Mox
928 473 1282 522 παραλαμβάνεται
1296 473 1325 512 fi

53 518 186 560 sanum
201 520 254 559 est
266 550 279 567 ‚
296 531 381 560 tum
396 534 493 561 vero
505 521 587 562 fieri
606 534 685 560 non
701 521 844 574 potest,
863 523 953 575 quin
968 525 1109 577 aliquid
1125 526 1326 576 intercideff-

56 574 130 612 rit:
151 575 226 614 hoc
251 575 377 620 enim,
397 576 431 614 6»
455 590 478 613 a
529 576 668 614 roximis
697 576 876 625 excipitur,
899 577 1055 616 tolerari
1079 580 1233 631 nequit,
1256 580 1325 619 nist

55 627 228 680 pluribus
251 627 404 668 adieffls
423 628 486 667 sen
506 643 569 668 um
598 628 739 668 fulcias.
762 629 948 680 Micyllus
966 645 974 668 :
992 632 1027 669 6»
1042 631 1171 684 semper
1189 634 1231 670 ab
1258 633 1322 681 iis,

58 696 143 733 quae
159 683 316 734 propiora
329 681 438 731 sunt,
449 682 515 732 ftu
531 696 594 733 per
603 681 832 734 succcffionem
856 684 1039 736 excipitur:
1060 698 1148 723 eum
1163 684 1324 724 deseruit

57 734 306 781 Benediems,
317 735 507 788 semperque
522 753 545 774 a
556 736 768 788 propioribus
792 737 944 789 capitur.-
966 749 1141 777 neutrum
1167 738 1325 777 Luciani

57 798 225 828 mentem
241 789 452 842 quidquam
471 790 591 829 iuvat.
607 790 811 841 Cogitavi,
827 793 1123 842 παραρπαζεται
1135 822 1147 836 ,
1164 793 1241 837 vel,
1257 807 1325 830 ’.τε-

55 843 308 893 ριλίιμπεται·
327 845 521 882 utrumvis
532 853 634 882 certe
649 843 811 895 vulgato
825 844 982 884 melius:
1003 844 1063 884 sed
1076 845 1141 897 qui
1156 845 1325 884 mihimet

57 894 138 946 ipse
160 896 303 936 nullam
319 898 358 935 in
374 907 520 949 partem
535 897 597 937 hic
615 896 804 937 satisfacio
816 925 827 944 ‚
848 897 1070 950 sperandum
1086 911 1167 937 non
1182 898 1234 937 est
1246 928 1259 944 ‚
1280 910 1325 937 ut

54 950 136 989 aliis
151 949 298 1002 poffim.
313 951 479 989 HEMST.

111 1004 202 1057 Pag.
216 1006 278 1057 65.
293 1004 316 1044 l.
331 1018 364 1056 3.
380 1003 625 1057 (θυγατέρας)
641 1002 706 1043 De
721 1005 904 1045 Minerva
915 1004 1046 1045 notius
1057 1004 1110 1045 est
1123 1019 1136 1053 3
1148 1006 1286 1045 Venus
1301 1018 1324 1045 e

54 1056 188 1097 Dione
203 1056 381 1109 suscepta.
399 1058 555 1097 SOLAN.

107 1113 179 1150 ead.
194 1112 218 1151 l.
233 1110 271 1151 6.
288 1110 439 1164 Πεῖσον)
453 1110 530 1151 Ox.
547 1112 588 1151 ὅ(
600 1111 641 1150 L.
655 1110 699 1150 In
715 1111 870 1165 reliquis
887 1112 1033 1152 πεῖσαι.
1058 1113 1215 1153 SOLAN.
1226 1110 1324 1152 ’Πεῖ-

56 1178 120 1204 σον
141 1177 223 1204 non
246 1165 454 1212 admisero,
481 1175 688 1218 antequam
708 1167 852 1205 maiore
877 1167 1063 1206 librorum
1090 1166 1322 1220 scriptorum

56 1219 167 1272 copia
181 1218 353 1259 firmetur
368 1235 375 1257 :
394 1218 578 1271 vulgatae
595 1219 767 1258 lectionis
782 1220 875 1259 haec
890 1221 1010 1259 videri
1024 1220 1147 1274 potest
1159 1221 1324 1274 explica-

55 1272 134 1320 tio;
154 1285 241 1312 nam
258 1271 427 1326 positum
441 1272 516 1319 est,
532 1283 575 1312 ut
587 1272 841 1313 Grammatici
855 1274 1081 1327 loquuntur,
1096 1275 1324 1326 ἁπαρέμφοο-

53 1340 114 1366 τον
128 1326 212 1367 ἀντὶ
227 1325 525 1379 προσ-τακτικοῦ.
540 1327 635 1366 Eam
650 1327 831 1366 scribendi
846 1327 1156 1368 consuetudinem
1171 1328 1324 1368 affe&a·-·

53 1378 146 1418 bant
159 1410 170 1427 ,
194 1382 261 1434 qui
281 1381 391 1434 supra
417 1381 576 1436 modum
600 1380 804 1421 Atticismo
825 1393 931 1421 erant
952 1383 1090 1430 dediti,
1108 1393 1152 1421 ut
1177 1393 1282 1435 patet
1298 1396 1321 1423 e

53 1433 293 1488 Lexiphane:
320 1434 365 1474 σὺ
389 1435 458 1480 Σὲ,
477 1438 504 1474 ὼ
528 1434 608 1474 ’παῖ
626 1465 635 1474 .
658 1464 667 1474 .
691 1466 702 1475 .
722 1436 938 1475 ναυστολεῖν
954 1464 963 1474 .
979 1465 987 1474 .
1006 1466 1014 1475 .
1029 1467 1036 1476 .
1054 1436 1119 1474 καὶ
1148 1437 1320 1487 κομίζειν·

53 1487 213 1528 iteruin:
235 1489 324 1527 ἀλλ’
337 1489 460 1528 εἰσιὼν
475 1520 484 1529 .
501 1519 508 1527 .
527 1519 536 1528 .
552 1517 561 1526 .
583 1486 722 1528 ἦέἵινειν
742 1490 805 1528 καὶ
827 1489 894 1529 τὴν
911 1489 1101 1541 κάρὲοπον
1121 1490 1230 1540 σμζῖν.
1256 1491 1321 1530 De

53 1541 133 1582 hoc
145 1541 214 1582 usu
228 1542 409 1582 infinitivi
421 1542 531 1595 plura
545 1542 690 1582 dabunt
706 1543 757 1582 H.
771 1543 984 1596 Stephanus
997 1573 1008 1590 ,
1027 1557 1262 1597 quamquam
1280 1545 1321 1583 in

51 1595 125 1636 hac
138 1608 267 1650 parte,
281 1596 388 1649 quod
400 1608 720 1649 extemporaneae
735 1596 904 1636 facilitati
919 1597 1026 1649 saepe
1043 1598 1164 1643 debet,
1183 1611 1319 1650 parum

53 1661 270 1696 accuratus,
283 1651 413 1689 Anim.
426 1652 463 1689 in
476 1651 543 1689 lib.
559 1651 604 1690 de
618 1650 718 1689 Dial.
736 1664 771 1703 p.
788 1652 852 1700 46,
865 1665 934 1702 473
950 1651 1063 1690 Aem.
1076 1651 1212 1690 Portus
1227 1652 1320 1691 Lex.

52 1702 154 1744 Dor.
176 1706 217 1744 &
237 1705 321 1744 lon.
342 1705 380 1743 in
398 1704 698 1755 Ἀπαρέμφατα;
715 1704 790 1744 Iac.
811 1705 1066 1752 Gronovius,
1086 1705 1153 1758 qui
1179 1705 1319 1744 merito

53 1770 104 1796 ex
119 1758 242 1798 Codd.
268 1759 441 1798 Arriano
455 1757 616 1798 restituit
631 1759 686 1804 V,
704 1773 738 1811 p.
762 1772 850 1797 210.
870 1757 914 1796 In
930 1757 1107 1798 Dosithei
1129 1757 1322 1798 sententiis
1365 1762 1370 1767 ⁴

55 1811 217 1852 Adriani
232 1812 248 1862 §
268 1827 315 1852 10
326 1843 336 1858 ,
356 1813 422 1851 ubi
437 1826 458 1851 a
473 1813 668 1865 Stephano
683 1811 821 1860 fuerat,
846 1812 1033 1865 'Aspiav‘oe
1050 1808 1168 1858 εἶπεν,
1182 1812 1323 1853 mim

0 1875 1 1902 ὲ
53 1868 199 1917 κριτὰς,
218 1865 429 1907 Goldastus
443 1867 578 1912 edidit,
599 1866 730 1905 πεῖσον
744 1866 828 1906 τοὺς
843 1871 984 1918 κριτὰς·
999 1866 1068 1919 qui
1083 1897 1095 1913 ‚
1115 1879 1204 1905 cum
1219 1865 1319 1905 insu-

55 1933 124 1971 pet·
138 1932 317 1968 annotat,
333 1920 527 1972 persuaderi
540 1921 719 1965 iudicibus,
740 1921 817 1970 Ms
835 1921 925 1959 [εέῖἱο
941 1919 1117 1971 ἑλληνίζει
1132 1950 1145 1965 ,
1164 1921 1257 1971 quid
1273 1919 1320 1958 fi·

52 1974 92 2013 bi
110 1975 216 2022 velit,
234 1974 336 2014 haud
351 1974 461 2027 plane
475 1973 670 2026 perspicio.
684 1974 861 2026 Optativi
876 1974 1007 2013 locum¹
1018 1985 1121 2013 tenet
1131 1974 1246 2012 etiam
1260 1973 1321 2012 ln-

54 2026 239 2068 finitivus.
254 2029 401 2068 Suidas:
420 2027 613 2081 Ἃμοιρτεῖν
628 2026 744 2080 εἴρηκε
758 2031 800 2066 το
817 2027 1023 2080 ἁμάρτοιμι
1040 2027 1212 2079 Κρατῖνος
1224 2034 1321 2079 Δρω-

55 2082 201 2124 πετίσι.
214 2081 418 2122 noima&
429 2080 526 2132 ὑμᾶς
537 2077 628 2121 εἶναι
641 2082 820 2132 φάσκων,
833 2077 859 2121 (ἶ
868 2082 1059 2132 μείρακες,
1069 2076 1131 2120 οὐκ
1143 2080 1188 2120 ἂν
1203 2080 1322 2133 &phap-

55 2136 145 2176 τεῒν·
163 2137 227 2176 καὶ
247 2135 341 2176 ὅλως
359 2136 506 2176 συνηθὲς
520 2131 650 2175 αὐτοῖς
669 2139 710 2174 τὸ
729 2133 884 2175 τοιοῦτο.
901 2135 1045 2174 Versus
1068 2136 1214 2187 integer
1229 2134 1319 2173 Ari-

55 2190 306 2244 stophaneus:
329 2203 401 2243 pro
422 2185 568 2235 αὐτοῖς,
590 2188 657 2228 nifi
677 2202 699 2228 e
715 2189 984 2230 Grammatico
1003 2189 1223 2241 decerptum
1238 2201 1320 2228 cre-

54 2245 136 2290 das,
153 2245 217 2284 ubi
232 2243 362 2284 referri
379 2254 530 2297 poterat
544 2244 589 2282 ad
606 2244 880 2296 praecedentia,
895 2243 1022 2282 malim
1041 2242 1234 2282 Ἀττικοῖς·
1255 2242 1320 2281 vel

54 2295 203 2347 αὐτοῖς,
216 2298 358 2338 comicis
369 2328 383 2344 ,
396 2299 488 2350 quia
506 2298 636 2337 Cratini
650 2299 884 2336 meminerat.
899 2298 1063 2336 HEMST.

111 2353 219 2392 ead.l.
236 2367 272 2404 9.
295 2351 350 2390 Οὔ
370 2365 470 2402 φασι
495 2352 560 2399 π.)
576 2351 754 2392 Genuina
777 2352 869 2391 haec
887 2350 1116 2391 leffioedJ.
1133 2349 1322 2401 Reliquae

56 2402 167 2445 οὕτω.
183 2406 282 2445 Vide
295 2407 463 2458 Ἀπεκηρ.
479 2418 512 2444 c.
536 2418 600 2453 21,
619 2404 701 2456 Τοξ.
720 2418 753 2444 c.
771 2420 822 2458 49
834 2436 846 2454 ‚
863 2405 904 2444 δι
919 2405 1056 2455 thimei„
1077 2419 1135 2443 12.
1160 2404 1323 2443 SOLANa

57 2460 149 2499 Non
163 2459 229 2508 est,
241 2470 283 2499 ut
297 2459 426 2498 multis
441 2460 626 2499 rationem
639 2459 806 2507 reddam,
819 2473 886 2500 cur
898 2459 958 2499 ed:
967 2459 996 2498 J.
1009 2459 1209 2500 lechonem
1223 2455 1322 2510 post*

56 2512 268 2555 habuerim.
290 2514 457 2554 HEMST.
981 2566 1021 2606 V
