1748 3420
123 222 202 268 IN
237 220 635 268 DIALOGOS
672 219 1170 269 MORTUORUM.
1204 235 1292 286 ,435

35 326 75 367 p.
93 325 108 351 ι
121 326 182 360 14,
196 313 357 365 ἐλεγεῖα,
376 313 446 363 ᾄσῃ
462 311 534 351 ὑπὸ
550 311 670 361 ταύτῃ
686 310 733 350 τῐῖ
744 310 916 357 ἓικὲλλᾈ·
936 311 1040 363 quod
1053 311 1131 350 aliis
1146 311 1299 363 ignora*

37 378 119 406 tum
135 366 283 418 Tanaq.
295 366 421 406 Fabro
435 380 513 406 non
528 366 647 405 latuit.
664 366 724 404 Sic
735 365 866 403 Latine
882 365 967 403 licet
980 363 1117 404 efferre
1131 378 1207 404 non
1221 376 1302 403 tan·

37 429 122 458 tum
139 422 188 457 ad
196 421 314 465 tibias,
329 419 388 459 sed
404 421 440 458 δι
450 421 516 471 sub
531 420 620 457 tibiis
632 418 874 458 Graecorum
893 418 1120 457 imitatione.
1146 419 1301 458 Auctor

36 472 187 526 Copae,
205 472 358 525 Crtfimm
369 473 436 524 sub
446 473 572 512 crotalo
581 474 675 510 dofla
686 485 812 511 movere
825 471 934 509 latus:
949 484 1077 524 neque
1090 471 1198 510 aliter
1209 471 1301 511 Pro-

36 537 137 580 pert.
155 525 192 564 II
205 526 259 564 El.
277 527 422 571 XXXI,
438 541 455 579 3
468 539 502 577 5,
515 526 697 575 Deficiunt
712 525 841 577 magico
855 525 935 563 torti
944 525 1012 575 sub
1028 525 1174 563 carmine
1188 527 1301 564 rhom-

37 581 82 618 hi.
100 580 159 618 Ex
171 579 226 618 his
238 578 347 618 simul
360 592 465 618 mens
479 579 623 631 patebit
636 578 835 630 Apollonii
851 577 993 616 Rhodii
1005 577 1074 622 111,
1088 593 1125 630 3,
1139 577 1302 618 mnselne

36 629 104 671 ὑπ’
122 631 237 684 ἔρωτι,
250 634 390 671 Medeae
401 633 523 672 amoris
533 633 692 684 auspiciis
703 648 744 670 ac
754 635 852 669 duan
862 647 878 677 ‚·
897 632 938 670 δι
950 644 989 669 v.
1003 644 1051 682 97
1062 645 1075 668 1
1084 660 1095 676 ,
1111 629 1183 669 ὑπὸ
1195 646 1302 670 ‘mor-

39 684 117 734 {io-w
132 686 266 736 ἔρωτος.
280 686 359 725 Nifi
379 687 593 738 genitivum
609 687 646 724 in
666 685 736 724 hac
751 683 871 737 phrasi
889 684 1033 735 saepius
1051 685 1301 735 adiungerent

37 738 194 786 Graeci,
207 735 465 786 ὑπἀὐλητῶν,
476 736 548 778 ὑπὸ
559 740 799 790 φορμίγγων,
819 737 968 776 mallem
978 736 1056 776 fere
1067 737 1167 789 apud
1181 736 1301 777 Dion.

39 791 184 842 Chrys.
197 805 281 844 pag.
301 791 376 832 286
390 792 435 832 C.
451 792 669 843 δ”ιθὺραιμβος
683 792 729 830 ὢν
746 791 761 829 ὃ
780 793 962 837 Διόνυσος,
978 791 1042 829 καὶ
1056 788 1127 830 ὑπὸ
1144 790 1302 840 nepotum}

39 845 107 884 καὶ
125 845 250 897 βροντῇ
265 846 469 898 γενόμενος,
488 859 559 898 pro
575 845 646 883 ὑπὸ
659 844 828 897 κεραυνοῦ
843 844 907 883 καὶ
921 841 1081 894 βροντῆς.
1111 843 1274 883 HEMST.

92 899 180 951 Pag.
203 912 287 949 147.
303 900 325 937 l.
347 914 380 952 3.
402 900 563 944 Δεινίου)
578 899 678 937 Vide
693 900 738 937 de
750 897 868 936 Dinia
882 898 919 935 in
933 896 1138 936 Toxaride.
1155 896 1300 936 COGN.

90 955 163 991 ead.
177 952 201 990 l.
223 965 280 992 10.
290 951 610 1005 Ὕπισχνούμενος
623 951 683 991 ἐπ’
696 952 775 1001 ἐμοὶ
787 948 942 1002 nertii.)
957 950 1121 989 Videtur
1136 951 1301 990 verbum

41 1004 216 1045 excidisse
230 1006 267 1044 in
281 1006 353 1053 his,
373 1005 674 1057 ὑπισχνούμενος
688 1006 749 1045 ἐπ’
763 1005 841 1054 ἐμοὶ
856 1001 1109 1056 τεθνήξεσθαι,
1135 1016 1235 1056 quae
1249 1003 1301 1044 sic

41 1059 324 1106 transtulerunt,
339 1060 378 1098 id
384 1060 545 1109 mihifine
552 1060 730 1110 pollicens,
744 1070 786 1098 ut
799 1073 867 1097 meo
877 1058 962 1096 bono
972 1057 1215 1110 quamprimum
1229 1073 1302 1097 mo-

37 1126 169 1152 reretur.
191 1112 262 1152 Sed
282 1113 474 1152 Lucianus
494 1113 710 1165 reliquerat,
725 1123 836 1165 pum,
852 1110 911 1150 ἐπ’
928 1112 1007 1161 ἐμοὶ
1023 1111 1226 1162 κληρονόμῳ
1238 1123 1302 1151 τε·

39 1163 254 1218 Θνῆξεσῧεα,
277 1183 326 1205 me
345 1169 454 1205 herede
475 1167 622 1219 instituto
645 1168 736 1204 brevi
756 1165 961 1205 moriturum.
987 1163 1162 1205 GRAEV.
1174 1164 1301 1205 Acute

39 1220 257 1260 coniecerat
267 1219 458 1260 Graevius
476 1220 731 1272 reponendam
745 1219 805 1259 hic
815 1231 957 1258 vocem
969 1230 1038 1256 κλη
1060 1219 1186 1268 ονόμῳ,
1202 1232 1302 1271 quae

39 1272 79 1313 in
93 1273 261 1326 vulgatis
277 1273 387 1313 deest.
401 1274 607 1326 Reperitur
619 1285 745 1313 autem
757 1273 794 1311 in
814 1271 1009 1325 praestant'
1042 1284 1117 1310 ima
1130 1272 1185 1310 ed.
1199 1273 1228 1310 I.
1241 1273 1303 1311 Li-

39 1327 255 1367 brariorum
279 1327 529 1380 negligentiae
543 1327 808 1380 imputandum
827 1327 1021 1373 existimo,
1044 1326 1150 1378 quod
1170 1326 1207 1364 in
1227 1326 1304 1365 viri

39 1381 171 1421 eximii
187 1391 292 1428 nota,
305 1377 371 1420 ὑπ’
387 1382 464 1430 ἐμοὶ
477 1395 549 1434 pro
562 1382 622 1421 ἐπ’
634 1382 711 1430 ἐμοὶ
723 1380 872 1432 legitur.
888 1379 1042 1419 Nullam
1057 1379 1168 1418 etiam
1185 1379 1302 1419 video

38 1432 190 1474 causam
203 1465 214 1482 ‚
227 1447 295 1474 cur
312 1435 382 1474 hac
401 1436 438 1474 in
453 1447 560 1488 parte
573 1449 594 1473 a
604 1433 785 1487 scriptura
798 1443 952 1486 recepta
963 1463 976 1479 ,
988 1433 1090 1472 nulla
1102 1432 1225 1472 addita
1240 1446 1305 1473 ra-

39 1490 159 1534 tione,
176 1487 362 1528 discedere
378 1489 560 1528 voluerit.
578 1487 798 1528 Neceffario
812 1499 938 1527 autem
952 1486 1024 1538 leg.
1041 1486 1304 1537 ὑπισχνούμε-

43 1556 109 1588 νον,
125 1541 181 1580 uti
195 1543 232 1580 in
251 1542 289 1581 P.
306 1541 406 1582 reae
419 1542 597 1596 scriptum
613 1542 677 1581 est.
695 1541 853 1581 somn.
876 1541 1003 1592 Quod
1020 1552 1042 1578 a
1056 1540 1225 1579 Luciano
1243 1553 1303 1580 re-

40 1594 173 1635 lictum
188 1606 294 1649 putat
308 1596 520 1645 Graevius,
532 1597 688 1635 totidem
702 1596 816 1635 literis
827 1594 980 1635 exhibet
990 1594 1140 1633 Iuntina
1152 1606 1160 1632 :
1176 1606 1304 1646 neque

41 1650 172 1702 negari
187 1649 334 1700 potest,
352 1651 515 1703 probam
530 1650 602 1690 effe
616 1651 866 1690 locutionem.
885 1648 1116 1687 Artemidor.
1135 1647 1171 1692 Ι,
1188 1660 1223 1687 c.
1239 1648 1304 1695 81,

42 1704 174 1742 ’τοῦτον
186 1701 330 1743 &bv-tec
341 1707 405 1743 τὸν
420 1705 544 1757 ’όνειρον
557 1704 587 1743 οἱ
600 1703 788 1743 νοσοῦντες
801 1703 980 1742 ἀπέθανον
993 1701 1057 1740 ἐπὶ
1073 1698 1306 1753 κληρονόμοις

43 1756 134 1797 ταῖς
145 1757 381 1810 θυγατράσι·
391 1757 443 1797 ita
452 1758 651 1810 legendum
666 1757 730 1797 est.
744 1758 797 1803 V,
810 1769 842 1796 c.
855 1771 871 1809 3
882 1770 915 1807 5,
929 1752 1140 1794 ὰπέθιινενῆ
1154 1754 1305 1803 ἀδελφὴ

0 1820 1 1851 i
42 1810 109 1850 ἐπὶ
129 1809 331 1863 κληρονόμῳ
345 1810 400 1860 τῷ
418 1810 536 1852 ἰέὂντι
552 1816 615 1851 τὸν
631 1811 767 1863 ἵνειρον.
788 1810 941 1855 Fateor,
952 1821 1041 1848 eum
1057 1809 1094 1847 in
1106 1808 1262 1848 modum
1276 1808 1306 1847 fi

45 1864 237 1903 Lucianus
252 1864 411 1918 scripsit,
430 1866 578 1918 optime
589 1865 761 1906 constare
774 1863 1011 1910 sententiam,
1022 1862 1234 1901 dummodo
1246 1874 1307 1901 re-

44 1917 166 1970 fingas
180 1914 494 1970 ὑπισχνούμενον·
508 1920 603 1958 illum
616 1919 859 1972 ipsumfimper
869 1917 1098 1969 observabam,
1107 1917 1305 1979 promitten-

42 1983 106 2010 tem
114 1972 357 2022 semoriturum
377 1972 438 2024 effe
457 1989 506 2012 me
511 1973 638 2027 scripto
653 1974 820 2026 relibloque
834 1972 966 2010 lzerede:
989 1982 1075 2008 nam
1100 1969 1307 2023 υπισχνεῖ-

46 2030 140 2065 vam
153 2038 224 2078 pro
225 2027 293 2075 fibi
300 2027 464 2076 polliceri,
469 2027 593 2080 speque
606 2040 694 2066 certa
707 2043 770 2065 rem
784 2027 951 2078 quandam
961 2023 1159 2076 praecipere,
1174 2023 1306 2063 durius

45 2078 214 2128 videtur,
227 2080 269 2120 δι
279 2080 327 2118 ab
345 2079 413 2119 usu
425 2080 666 2121 Graecorum
683 2082 907 2120 abhorrens.
924 2079 1091 2123 Verum,
1106 2077 1197 2128 quia
1211 2077 1309 2116 nulli

46 2130 232 2180 Codices,
253 2146 423 2186 quorum
437 2135 548 2174 nobis
561 2135 613 2174 est
634 2135 769 2187 copia,
792 2132 976 2172 accedunt
988 2161 999 2179 ,
1022 2129 1224 2171 verisimile
1242 2129 1309 2177 fit,

45 2185 152 2225 istam
165 2186 336 2227 laciniam
356 2187 510 2240 ingenio
525 2189 651 2228 deberi
663 2188 825 2228 Antonii
839 2184 1011 2225 Francini
1023 2215 1034 2233 ,
1046 2184 1113 2237 qui
1129 2183 1309 2223 luminae

39 2239 224 2279 editionis
244 2252 400 2280 curator
423 2241 596 2294 pluribus
609 2243 649 2281 in
669 2242 769 2281 locis
782 2238 908 2281 effecit
919 2268 931 2287 ,
954 2249 997 2279 ut
1011 2238 1130 2290 magis
1142 2238 1183 2276 in
1195 2250 1244 2277 eo
1257 2237 1310 2276 fi-

50 2292 152 2339 dem,
165 2307 280 2345 quam
293 2307 456 2334 acumen
470 2296 730 2335 desideremus.
747 2295 949 2346 Berglerus
959 2322 969 2339 ,
985 2292 1126 2345 peritus
1137 2290 1310 2331 Graecae

48 2348 295 2399 proprietatis
306 2349 431 2396 iudex,
446 2350 554 2389 aliter
565 2351 650 2389 huic
664 2349 873 2389 difficultati
890 2347 1047 2386 obviam
1061 2346 1116 2384 ire
1128 2344 1307 2385 instituit:

51 2413 192 2452 operae
204 2402 369 2452 pretium
378 2404 448 2442 erit
458 2403 810 2457 interpretationem
823 2403 918 2446 eius,
930 2413 1044 2453 quam
1054 2398 1218 2437 lefflone
1228 2398 1312 2437 vul-

52 2462 139 2505 gata
154 2466 359 2495 contentus
371 2457 511 2505 attulit,
526 2458 667 2497 audire.
683 2456 784 2496 Cum
797 2469 890 2509 ergo
905 2456 948 2494 ad
963 2453 1134 2506 Alciphr.
1155 2452 1171 2491 I
1189 2452 1255 2504 Ep.
1272 2466 1310 2504 3,

43 2506 117 2548 ,ubi
130 2507 197 2554 est,
212 2508 275 2550 καὶ
286 2508 416 2551 ταῦτα
429 2511 492 2551 ἐπὶ
507 2512 672 2552 παιδίοις
684 2510 830 2562 ζῶντες,
846 2506 1066 2601 ωοηιέἱῖθῑ,
1079 2507 1117 2545 in
1127 2505 1312 2545 fimilibus

995 2573 1017 2601 e
1045 2574 1067 2599 2.
