1748 3420
132 233 215 279 IN
247 230 637 278 DIALOGOS
674 231 1180 279 MORTUORUM.
1219 248 1307 298 549

50 321 242 363 (tentialoci
254 320 334 354 satis
348 329 424 364 apte
436 321 604 363 procedit3
618 319 743 353 tametfi
758 331 824 352 non
838 319 968 352 invitus
981 320 1109 363 largiar,
1122 321 1310 354 orationem

59 366 188 398 ambitu
206 367 307 408 paulo
325 365 445 397 latiore
462 364 606 408 potuiss‘e
623 366 755 408 plenius
772 365 949 407 explicari:
967 364 1022 396 sed
1037 366 1115 408 haec
1126 376 1200 397 eum
1215 367 1311 397 colo-

61 420 129 442 rem
151 420 219 440 non
238 409 377 448 habent,
390 408 448 451 qui
472 409 649 441 Lucianeis
669 408 836 440 commode
857 407 1065 450 respondeat.
1088 409 1310 442 Locutioncm

60 452 164 495 ipsam
181 453 283 495 paulo
303 453 396 484 aliter
410 450 586 495 usurpavit
598 453 735 485 Maxim.
747 453 828 499 Tyr.
847 452 931 491 Λιγ.
956 453 1004 484 λθ.
1026 452 1187 493 Σωκράτην
1207 448 1237 484 δὲ
1256 454 1309 485 τὶν

58 491 137 537 μηδὲ
149 497 196 537 τᾷἷ
206 496 380 528 Ἀπόλλωνι
392 496 594 538 παραςχόντα
606 496 741 536 ἀμαθίας
754 494 870 528 αἰτίαν.
884 496 1030 528 HEMST.

105 539 179 572 ib1d.
196 540 396 581 Παρασχίντι
410 543 461 572 'riv
478 536 608 584 aleriam)
623 541 669 572 Ut
679 541 802 582 Συγγρ.
818 552 846 571 c·
863 552 889 578 1,
904 540 1130 581 ἂΤυραι-νοκτ.
1145 551 1173 573 c,
1188 551 1238 581 11,
1254 551 1310 584 13.

62 585 302 627 Argumentum
316 584 492 617 hoclatius
506 584 698 627 exsequitur
709 585 742 616 in
755 584 792 618 Z.
806 584 938 624 Ἐλεγχ.
954 585 1089 616 SOLAN.

109 629 177 660 ead.
192 629 216 660 l.
230 639 261 669 7.
274 623 530 672 Ἐπιδαψιλεύῃ)
544 630 685 671 Interpr.
706 628 789 659 Bene
809 629 862 668 est,
885 627 1010 665 Minos,
1032 630 1112 670 quod
1129 628 1201 658 haec
1217 630 1311 658 ctiam.

58 673 197 714 exemplo
207 696 217 708 ,
232 671 316 714 quasi
332 674 460 714 quodam
473 673 602 704 auclara>
618 674 800 715 locupletas.
820 671 888 713 Qui
901 672 1129 716 praecedentia
1139 672 1238 714 legit,
1253 672 1309 703 vi·-

59 714 152 748 debit
162 740 170 754 ‚
184 715 374 755 Sostratum,
389 716 446 759 qui
459 716 678 759 quaestionem
689 715 920 759 proposuerat,
936 725 1059 755 utrum,
1073 714 1095 746 fi
1107 716 1181 759 quis
1191 716 1229 746 ab
1241 715 1310 746 alio

61 759 196 794 conaus
207 761 348 802 aliquem
363 761 523 792 occiderit
533 787 541 800 ‚
555 771 631 792 reus
644 761 812 792 habendus
830 759 869 791 fit
881 760 988 793 caedis
1001 785 1010 799 ,
1026 770 1066 790 an
1081 759 1125 798 is,
1143 771 1159 790 a
1173 770 1238 801 quo
1250 771 1314 790 co-

63 802 155 834 astus
168 803 282 843 fuerit,
293 803 444 836 addidisse
455 806 642 846 exemplum
654 804 734 836 hoc:
749 805 831 836 Cum
844 803 990 836 carnifex
1004 802 1088 834 iussu
1102 803 1232 842 iudicis,
1248 813 1309 835 aut

60 845 193 879 satelles
204 846 289 879 iussu
307 848 441 890 tyranni
451 850 593 891 aliquem
604 850 674 880 vita
691 848 893 891 privaverit,
911 856 985 880 uter
997 848 1102 879 caedis
1118 857 1193 878 reus
1208 857 1311 890 agen-

59 890 122 922 dus
132 890 222 924 css‘et.
237 892 286 924 Ad
295 903 378 934 quae
389 891 565 934 respondet
578 892 692 924 Minos
703 918 711 932 ,
723 903 815 924 reum
827 892 984 935 agendum
997 890 1062 923 effe
1078 891 1219 923 iudicem
1228 917 1236 930 ,
1249 900 1310 924 aut

59 942 239 977 tyrannum
252 960 260 975 ,
276 935 309 967 &
323 936 429 977 addit,
443 935 598 979 siquidem
619 947 726 979 neque
746 936 853 979 ipsum
872 936 1014 978 gladium
1033 934 1184 966 accusare
1197 934 1312 976 poss‘u-

59 989 150 1010 mus:
163 978 330 1011 subservit
342 981 430 1012 enim
443 980 497 1012 hic
508 989 662 1023 tanquam
671 979 920 1012 instrumentum
929 979 1092 1022 explendo
1103 979 1212 1021 animo
1223 979 1313 1020 eius,

60 1024 120 1065 qui
132 1024 258 1066 primus
278 1023 406 1055 causam
417 1025 582 1067 praebuit.
600 1024 651 1056 Ad
669 1035 706 1056 ea
718 1024 779 1055 iam
794 1023 957 1056 Sostratus
967 1048 975 1062 ,
990 1022 1077 1063 Εὖγε
1091 1020 1111 1052 ’ὢ
1125 1023 1229 1056 Mam
1243 1022 1310 1054 διε.

60 1066 95 1099 h.
110 1079 140 1099 e.
156 1066 238 1098 Bene
245 1068 349 1110 facis,
361 1067 488 1105 Minos,
502 1070 581 1110 quod
591 1069 726 1111 exemplo
739 1070 829 1099 etiam
840 1069 1032 1099 corollarium
1041 1091 1050 1104 ‚
1064 1065 1131 1099 five
1145 1067 1306 1098 auc‘z‘arium

57 1111 168 1141 addis:
185 1111 206 1144 i.
226 1122 255 1143 e.
269 1112 359 1154 quod
373 1113 525 1155 exemplo
535 1138 542 1152 ,
555 1123 622 1155 quo
641 1123 701 1156 ego
713 1111 792 1144 usus
804 1111 875 1144 sum
892 1112 930 1144 de
952 1111 1059 1143 iudice
1073 1110 1135 1143 &c-
1152 1119 1189 1142 tu
1199 1111 1310 1143 austa-

59 1154 146 1186 rium
159 1155 248 1187 addis
268 1156 308 1187 de
325 1156 445 1199 gladio.
467 1158 515 1189 lta
527 1157 615 1189 enim
628 1156 839 1199 intelligenda
854 1155 932 1187 sunt
945 1156 1046 1188 verba
1058 1180 1066 1194 ‚
1087 1155 1120 1187 &
1141 1166 1178 1187 ea
1196 1156 1249 1187 vis
1262 1154 1308 1187 est

61 1198 221 1242 phraseos
231 1223 240 1237 ,
254 1193 539 1239 ε”πιδαψιλεύεσῖὲαί
554 1213 612 1232 τινι
625 1200 791 1243 πράγματι
803 1225 810 1240 ,
821 1201 1022 1243 superaddere
1035 1201 1186 1242 quippiam
1196 1202 1238 1231 rei
1249 1201 1309 1230 ali-

57 1244 125 1283 cui,
137 1244 296 1275 wilarium
309 1247 351 1276 rei
361 1247 479 1280 addere,
491 1245 577 1277 Vide
587 1245 750 1278 Budaeum
763 1245 797 1276 in
815 1245 1000 1277 Comment.
1012 1243 1048 1274 L.
1065 1244 1126 1276 Gr.
1141 1254 1214 1286 pag.
1230 1243 1306 1284 854,

57 1287 116 1318 ubi
130 1289 316 1330 exemplum
333 1300 351 1321 e
362 1289 497 1332 Synefio
518 1290 634 1322 habet:
649 1284 778 1322 Δέῦωχε
790 1313 798 1328 ,
815 1288 869 1322 καὶ
886 1284 1068 1327 εἶλῖιφαμεν,
1088 1286 1142 1320 καὶ
1158 1282 1308 1328 {msa-41-

59 1329 192 1362 λεύσατῡ
204 1331 278 1368 ταῖς
293 1331 450 1366 ὑποθέσεσι
461 1333 513 1369 τῖς
527 1332 746 1375 ἐπεκηρύξεως.
761 1333 828 1376 Ipse
847 1335 927 1364 dedit
940 1332 1218 1375 (documentum)
1231 1334 1308 1375 nos-

56 1386 112 1418 que
130 1379 279 1418 cepimus:
301 1379 494 1410 corollarium
509 1381 600 1409 eriam
617 1380 735 1410 addidit
751 1378 796 1408 his
803 1377 979 1420 sceleribus,
995 1377 1032 1408 ob
1055 1389 1127 1419 quae
1148 1376 1307 1408 abdicatus

46 1419 166 1462 fuerat.
183 1419 218 1451 L.
237 1421 305 1453 Bos
321 1421 396 1464 Obfi
412 1423 486 1455 Crit.
499 1434 566 1464 cap.
578 1421 643 1459 IX,
652 1434 726 1466 pag.
740 1434 794 1463 49.
808 1421 929 1454 Budaei
943 1420 1201 1463 explicationem
1214 1420 1310 1453 istius

55 1465 171 1503 verbi,
187 1464 314 1508 Synefii
333 1467 409 1498 loco
428 1467 538 1498 nixam
551 1491 559 1505 ‚
577 1466 644 1498 huc
660 1467 806 1499 contulit
822 1466 876 1497 vir
889 1464 1014 1497 doctiss.
1035 1464 1072 1496 L.
1090 1465 1154 1497 Bos
1165 1489 1173 1503 ,
1196 1476 1307 1508 neque

53 1506 176 1540 iniuria
189 1508 357 1553 castigavit
369 1510 603 1554 interpretem,
618 1511 694 1554 qui,
716 1510 868 1554 quamvis
889 1509 922 1541 ὃ(
941 1508 1010 1552 ipse
1031 1508 1195 1541 Budaeum
1210 1508 1308 1541 secu-

55 1558 130 1591 tus,
145 1563 184 1585 eo
199 1561 307 1586 tamen
315 1554 413 1586 modo
425 1555 626 1594 reddiderat,
639 1554 708 1586 acfi
722 1554 879 1597 scriptum
893 1566 911 1585 a
924 1553 1072 1586 Luciano
1084 1552 1197 1585 fuiss‘et
1207 1578 1215 1593 ‚
1235 1552 1305 1586 ἔπι-

52 1589 208 1639 ιῖσιψιλεύῃ
221 1592 428 1639 παράδειγμά
438 1611 481 1631 τι·
494 1600 573 1632 haec
586 1599 674 1632 enim
684 1600 814 1632 locutio
827 1599 937 1631 valere
951 1596 1057 1641 potest
1066 1623 1074 1637 ,
1093 1599 1217 1629 alterius
1229 1599 1310 1630 dicia.

55 1641 243 1683 locupletare
263 1645 398 1685 exemplo
417 1645 546 1686 quodam
560 1645 687 1681 addito,
704 1643 889 1686 ampliusque
909 1643 1066 1682 illustrare.
1077 1643 1202 1674 Verum
1223 1653 1308 1685 quo-

52 1684 142 1716 niam
155 1685 286 1719 Lexicis
296 1711 304 1725 ,
320 1699 404 1731 quae
415 1699 578 1730 perpauca
590 1687 804 1731 suppeditant
813 1713 822 1728 ,
840 1686 926 1718 haud
936 1685 1013 1718 sane
1031 1687 1135 1717 multa
1148 1686 1305 1719 Suicerus

52 1727 232 1771 adstruxit,
247 1731 383 1774 agedum
394 1732 557 1764 rationem
570 1731 602 1763 &
613 1731 709 1764 usum
719 1732 832 1770 verbi,
845 1731 933 1773 apud
940 1730 1144 1763 recentiores
1161 1732 1303 1763 multum

54 1773 223 1813 celebrati,
234 1777 335 1818 paulo
348 1776 521 1809 dilucidius
532 1777 759 1819 explanemus.
772 1776 933 1817 Δκψιλὶς,
948 1770 1109 1813 δαψίλεια,
1124 1769 1305 1815 ὁαψιλεύειν

51 1818 182 1861 copiam
193 1818 226 1850 &
237 1819 469 1852 abundantiam
482 1819 665 1863 significant
674 1846 683 1861 ,
699 1830 733 1852 at
751 1822 850 1852 talem
862 1820 1055 1863 praecipue,
1074 1831 1159 1863 quae
1171 1821 1303 1862 prolixa

53 1861 210 1905 largitate
221 1863 262 1895 ad
280 1864 444 1897 utilitates
463 1865 604 1896 aliorum
624 1864 657 1896 ἃ
678 1864 848 1897 commoda
859 1863 1081 1896 diffundatur:
1095 1859 1229 1905 δαψιλὴς
1244 1866 1302 1896 τῶν

56 1899 170 1948 δωρειῖν
184 1902 274 1946 δόσις,
288 1907 495 1946 Eratosthen.
509 1909 596 1952 apud
609 1908 720 1941 Schol.
735 1908 883 1951 Euripid.
895 1908 1069 1940 adHecub.
1082 1921 1116 1939 v.
1129 1920 1201 1950 574.
1214 1908 1306 1952 Spio-

54 1952 108 1981 nia
119 1951 246 1993 dapfilis
257 1953 348 1992 musto
352 1966 364 1990 ‚-
379 1953 490 1996 dapfili
495 1963 644 1996 proventu
647 1953 788 1997 fatigata
796 1955 868 1984 vitis
877 1977 885 1991 ,
899 1952 1114 1985 Columellae.
1127 1954 1298 1989 Δαῲιλειει

50 1995 94 2038 vt?
105 1990 198 2038 ἐνδείᾳ
208 2020 216 2035 ,
230 1997 501 2040 quemadmodum
515 2000 556 2040 τῆν’
567 1995 656 2036 πενίᾳ
668 1997 811 2035 maffia,
826 1995 957 2040 saepius
971 1996 1014 2030 est
1026 1997 1191 2029 contraria
1205 2010 1212 2029 :
1235 1998 1302 2030 Eu-

50 2050 167 2081 ropam
204 2052 258 2073 rae
270 2042 389 2074 ceteris
403 2050 562 2074 terrarum
577 2043 667 2074 orbis
684 2042 877 2085 regionibus
898 2042 1060 2074 excellere
1080 2040 1194 2074 scribit
1215 2044 1301 2085 Aga-

53 2083 156 2116 them.
171 2052 202 2116 lii
214 2110 223 2124 ,
237 2097 264 2117 c.
279 2097 310 2127 7,
325 2093 395 2117 tum
411 2086 563 2128 pluribus
577 2086 675 2118 bonis
685 2112 693 2124 ,
706 2095 778 2118 tum
791 2085 861 2128 πρὶς
877 2088 1027 2126 φυομένων
1042 2085 1178 2120 anxiam
1197 2081 1301 2129 ‹lot-,Lt-

53 2125 154 2160 λείαν·
167 2129 247 2162 trita
258 2129 338 2162 sunt
353 2125 507 2166 δαψίλεια
523 2130 645 2172 τρσφῒς,
658 2132 714 2163 τῖιῖν
733 2126 908 2163 ἐπιτηδείων
928 2129 1068 2163 ἁπάντων
1084 2132 1198 2163 πελλῗτν
1217 2129 1300 2171 ἔχειν

52 2167 219 2215 δαψιλεὶαν
229 2175 371 2208 Diodor.
383 2176 412 2206 11
424 2199 432 2213 ,
446 2187 479 2218 p.
494 2174 535 2206 80
546 2174 589 2207 D.
602 2174 846 2216 Δαψιλεύεσξ·αι
865 2186 932 2207 non
945 2183 1073 2207 tantum
1086 2175 1216 2218 adfluere
1226 2200 1236 2213 ‚
1250 2176 1304 2208 ab-

51 2220 184 2255 undare,
201 2227 241 2250 ut
255 2218 386 2250 Philoni
396 2219 558 2262 Byzantio
569 2220 608 2252 de
621 2220 750 2263 Pyram.
764 2219 928 2262 Aegypti,
948 2218 1079 2260 ἆγέλαις
1091 2219 1261 2259 ἐλεφάντων
1281 2221 1297 2253 ἰν

52 2261 160 2300 Λιβύη
176 2256 381 2303 δαψιλεὺεται
392 2288 400 2301 ,
414 2275 474 2306 pro
488 2275 555 2307 quo
569 2264 664 2306 peius
677 2264 785 2296 editur
795 2259 1030 2305 ὖαψιλεύσεται·
1047 2263 1101 2296 sed
1112 2264 1144 2295 ὅ(
1157 2263 1296 2307 paffive,

51 2314 94 2338 ut
110 2307 145 2338 in
158 2307 345 2340 Comment.
360 2308 399 2339 ad
411 2307 547 2340 Aristot.
565 2309 642 2341 Eth.
657 2304 882 2348 ν1,ἐπειὸὴμ>,
897 2309 998 2350 χρόνος
1010 2306 1118 2344 αὐτοῖς
1132 2308 1232 2344 inas-25
1247 2304 1297 2340 δε-

53 2345 241 2391 ‹Salium-aa
251 2352 320 2393 πρὸς
330 2352 366 2383 τὸ
379 2350 482 2395 πεῖραν
498 2349 653 2392 εἰληφέναι
668 2354 724 2384 τῖιῗν
741 2354 811 2387 καθ’
824 2351 942 2386 ἕκασται
958 2352 1105 2395 πράξεων·
1120 2365 1194 2385 nam
1205 2355 1296 2396 quod

50 2394 194 2439 scriptor
210 2396 340 2438 Ἀποκρ.
355 2396 426 2438 πρὸς
436 2398 504 2432 τοὺς
515 2392 642 2439 Ὀρθοῦ.
656 2397 754 2441 Resp.
769 2398 808 2430 ad
821 2397 955 2439 Quaest.
969 2398 1010 2440 96
1022 2397 1138 2440 agendi
1154 2399 1223 2429 vim
1238 2398 1297 2430 ad·-

50 2439 135 2472 didit
144 2465 152 2480 ,
163 2440 222 2472 oro‘ia'
233 2440 309 2472 3503
320 2441 377 2472 τοῦ
390 2440 443 2475 καὶ
458 2440 526 2476 τοῖς
535 2444 622 2484 παρὰ,
635 2443 753 2482 γνώμην
767 2441 880 2477 menig
894 2443 939 2474 τὶν
959 2441 1074 2475 ἔπαινοι*
1088 2436 1295 2484 ὖιιψιλευομεό

47 2495 114 2523 νου,
130 2484 177 2517 est
186 2485 286 2526 illud,
301 2486 398 2518 modo
408 2486 497 2518 vitio
510 2495 625 2527 vacet,
639 2485 848 2526 inulitatius,
866 2498 974 2530 neque
990 2486 1068 2519 alibi
1081 2486 1165 2523 fere,
1188 2498 1283 2529 quam

44 2527 81 2561 in
95 2528 276 2573 compofito
286 2525 580 2573 ἔπιδαψιλεύεσὲαι,
592 2530 677 2565 solet
690 2532 837 2575 reperiri.
851 2531 974 2565 Pecora
986 2530 1106 2569 solent,
1120 2530 1140 2562 fi
1154 2531 1189 2563 in
1200 2532 1292 2563 ubera

896 2576 993 2615 Mm
1025 2590 1043 2627 3
