1748 3420
429 209 517 272 516
613 201 1494 253 ANNOTATIONES

422 292 660 333 Casaubono
674 290 862 336 dissentio,
874 290 981 342 quod
997 289 1161 342 proferri
1175 289 1249 330 hos
1262 289 1407 340 versus,
1419 308 1486 331 non
1498 292 1577 346 quia
1587 292 1622 331 ἱιι
1638 292 1686 331 ila

421 348 464 384 lis
480 361 559 384 voce
574 345 741 385 secudans
755 344 838 394 iesus
839 346 889 394 fit
898 348 1012 395 poeta,
1019 343 1084 394 sed
1095 346 1143 382 ad
1154 344 1436 394 confirmationem
1450 347 1550 386 moris
1562 346 1684 386 existi·-

421 400 547 444 marit‚
568 412 658 438 cum
675 398 767 436 mihi
783 398 868 436 satis
878 409 1053 448 apertum
1069 397 1258 446 videatur,
1273 398 1411 446 tribus,
1422 412 1521 451 quos
1532 401 1685 452 egregie

419 452 588 498 refinxit,
603 451 756 503 adiungi
769 451 905 490 debere
917 450 1064 489 initium
1077 451 1203 503 quarti
1214 450 1347 490 versus
1359 452 1534 492 Δανάκην
1546 452 1684 492 -.D·1-

423 517 531 545 xerat
554 505 750 544 luvenalis
771 526 815 534 -—
832 520 890 543 nec
903 505 1001 542 habet
1012 533 1025 549 ,
1048 519 1140 556 quem
1149 505 1301 557 porrigat
1312 519 1365 543 ore
1377 506 1544 552 trientem,
1570 518 1682 545 num-

422 559 531 598 mulo
553 558 766 610 designato:
787 557 1009 610 Propertius
1024 558 1140 610 paulo
1159 557 1280 596 laxius
1299 558 1356 596 IV
1383 558 1436 597 El.
1458 572 1514 604 ιι,
1529 572 1567 609 7,
1589 559 1681 599 Vota
1742 562 1744 609 ᾖ

420 625 553 652 movent
559 613 719 665 superos:
733 611 788 649 ubi
798 611 942 661 portitor
949 627 1026 649 aera
1039 611 1155 664 recepit
1165 612 1308 662 Obserat
1323 612 1476 663 herbosos
1487 612 1681 665 luridapor-

418 680 456 705 ta
472 680 590 718 rogos:
615 677 715 718 quae
737 664 947 716 posteriora
969 677 1130 710 vereor,
1155 676 1198 703 ut
1217 678 1238 702 a
1261 677 1460 717 quoquam
1476 666 1682 707 commode

417 719 560 773 poffint
575 719 769 772 explicari.
788 717 1008 756 Passeratius
1020 718 1187 769 umbrosos
1201 731 1297 769 rogos
1311 719 1411 758 unde
1424 719 1584 766 eruerit,
1599 732 1681 760 non
1742 740 1745 746 ·

417 774 590 827 reperio3
615 783 717 811 certe
745 771 963 810 mirabiliter
986 772 1280 823 interpretatur,
1304 775 1391 811 unde
1408 773 1531 811 multae
1548 774 1682 812 umbrae

418 829 554 867 evolant
571 827 615 864 iis
627 826 813 879 exstinois,·
831 837 947 876 quam
964 826 1074 864 vocis
1092 825 1297 864 inauditam
1315 825 1539 878 potestatem
1555 824 1682 867 sermo
1743 863 1745 866 .

417 881 586 925 Latinus,
601 881 730 926 credo,
744 878 912 918 fastidiet.
926 878 1008 930 Ego
1027 879 1254 918 minuendae
1268 880 1492 919 difficultatis
1504 880 1541 918 in
1553 892 1684 921 emen·
1744 901 1748 908 >

418 935 572 974 datione
585 933 663 972 sola
684 933 784 985 spem
805 945 929 984 pono:
965 931 1108 983 Obserat
1126 932 1300 984 umbrosas
1314 934 1424 972 lurida
1433 945 1533 986 porta
1545 935 1682 973 domos:
1700 946 1702 948 ·

417 987 741 1041 quemadmodum
762 985 870 1033 alibi,
890 986 1141 1038 Mgrantesque
1156 987 1271 1025 domos
1281 987 1470 1026 animarum
1486 987 1680 1039 intraffefi-

418 1044 560 1081 lentum:
585 1039 729 1079 sensum
744 1052 864 1078 nemo
879 1040 1014 1078 melius
1028 1039 1287 1091 explanaverit
1298 1069 1309 1086 ‚
1332 1053 1448 1093 quam
1461 1040 1681 1093 Theognis,

422 1095 588 1133 Κυανέαις
602 1107 647 1132 τε
670 1092 798 1133 πύλας
812 1092 1102 1143 παραμείψεται
1115 1123 1126 1139 ‚
1145 1090 1233 1132 αἳτε
1246 1094 1426 1133 θανόντων
1444 1096 1595 1146 Ψυχὰς
1613 1094 1683 1146 εἵρ·

420 1162 566 1201 'yona-iv,
581 1147 716 1197 καίπερ
731 1146 984 1196 ἁναινομένας·
1000 1159 1069 1185 nec
1085 1145 1194 1185 facile
1206 1148 1414 1200 quidquam
1428 1177 1438 1194 ,
1456 1148 1561 1201 quod
1577 1149 1683 1200 prio-

414 1202 521 1240 ribus
536 1202 664 1254 aptius
677 1201 914 1253 adiungatur,
931 1200 1113 1239 invenies.
1137 1201 1252 1239 Hunc
1268 1213 1364 1240 vero
1380 1202 1543 1240 mortuis
1558 1202 1682 1254 impo-

415 1255 563 1294 nendae
586 1255 691 1306 stipis
705 1267 874 1302 morem,
893 1266 1008 1306 quem
1030 1254 1126 1292 inter
1141 1254 1236 1293 alios
1251 1255 1323 1293 iam
1339 1254 1554 1294 obsoletum
1578 1256 1681 1309 apud

416 1307 666 1348 Athenienses
677 1307 741 1347 sua
751 1308 866 1347 etiam
880 1319 1003 1347 aetate
1017 1306 1255 1359 permansiffe
1265 1320 1374 1347 notat
1384 1307 1609 1349 Scholiastes
1621 1308 1679 1350 Iu-

415 1363 575 1410 venalis,
591 1363 702 1400 hodie
718 1361 880 1401 retinent
890 1361 1269 1414 TatariWogulskii‚
1283 1361 1486 1415 pluresque
1498 1362 1680 1404 barbarae

416 1428 561 1468 gentes,
572 1427 614 1455 ut
625 1415 820 1468 perhibent
830 1413 1031 1467 scriptores
1043 1414 1343 1455 Itinerariorum.
1354 1416 1433 1455 Iam
1445 1417 1549 1469 quod
1560 1416 1678 1457 duum

415 1470 643 1518 obolorum,
655 1470 720 1521 qui
733 1468 919 1508 Charonti
929 1468 998 1507 sint
1009 1468 1188 1517 tradendi,
1200 1471 1345 1509 mentio
1353 1469 1421 1508 fiat
1432 1470 1470 1508 in
1482 1470 1678 1524 Aristoph.

415 1524 517 1563 Ran.
533 1538 570 1562 v.
589 1536 676 1571 140,
692 1537 782 1573 272,
796 1523 870 1562 ioci
884 1523 1001 1575 gratia
1016 1535 1219 1561 numerum
1234 1523 1429 1576 duplicari,
1440 1535 1483 1563 ut
1492 1526 1554 1563 τὸν
1569 1524 1680 1564 δικα-

415 1582 542 1616 στικὸν
556 1580 693 1627 [zio-&bv
709 1577 882 1616 traducat
893 1605 902 1623 ,
924 1575 1120 1615 manifesto
1135 1576 1254 1629 liquet
1269 1590 1316 1617 ex
1329 1592 1368 1617 v.
1386 1591 1475 1626 141,
1490 1578 1604 1631 idque
1616 1578 1680 1618 be-

414 1645 464 1671 ne
478 1630 706 1671 Scholiastae
721 1630 991 1683 perspexerunt
1005 1644 1016 1678 ;
1037 1631 1214 1681 quamvis
1227 1644 1361 1670 eorum
1378 1631 1492 1678 unus,
1508 1629 1594 1682 ἅμα
1606 1631 1678 1672 διὰ

414 1688 456 1723 τὶ)
474 1686 682 1738 λεγόμενον,
704 1684 762 1722 ὅτι
783 1684 860 1722 τοῖς
881 1684 1010 1736 nupsi}
1023 1683 1086 1723 ἐπὶ
1103 1682 1167 1722 τοῦ
1187 1686 1382 1736 στὸματος
1401 1687 1588 1731 βάλλουσι
1606 1685 1677 1725 ἓὺο

414 1739 561 1783 ὂβὸλους
570 1739 643 1777 &c.
657 1737 807 1784 scribat,
820 1738 1002 1789 antiquae
1014 1737 1295 1778 consuetudinis
1311 1739 1555 1792 ignoratione
1568 1740 1679 1780 nimis

414 1805 504 1842 erga
521 1794 748 1844 portitorem
763 1804 923 1830 avarum
942 1791 1114 1831 liberalis.
1138 1791 1254 1831 Aliud
1269 1805 1369 1838 erat,
1391 1792 1475 1832 siad
1489 1792 1611 1832 lucem
1628 1794 1678 1834 ab

413 1844 544 1885 inferis
567 1845 810 1885 remeandum
833 1844 953 1892 foret,
981 1846 1196 1898 iterumque
1211 1847 1455 1886 traiiciendus
1472 1846 1679 1897 Acheron;

414 1900 738 1952 quemadmodum
750 1900 785 1937 in
795 1898 912 1951 Apul.
922 1899 1082 1938 Metam.
1095 1900 1166 1946 Vl,
1176 1913 1211 1952 p.
1231 1913 1243 1936 1
1252 1900 1437 1948 80‚mrris
1454 1900 1515 1939 illa
1527 1900 1675 1954 loquax

415 1956 456 1992 ὅ(
467 1952 679 1993 consiliaria
691 1951 860 2003 Psychae
874 1951 969 1991 iuffu
979 1953 1144 1992 Veneris
1159 1954 1203 1992 ad
1222 1953 1303 1992 Orci
1309 1952 1439 2004 ferales
1447 1967 1583 2006 penates
1599 1954 1677 1994 des·

414 2006 595 2048 censurae
611 2007 796 2060 praecipit
813 2005 901 2059 offizs
911 2007 1064 2059 polentae
1079 2007 1187 2058 mulfh
1200 2020 1368 2046 concretas
1381 2009 1544 2047 ambabus
1551 2011 1676 2062 gestare

416 2062 584 2113 manibus,
600 2076 641 2099 ac
663 2060 785 2113 inipso
804 2076 857 2099 ore
875 2062 962 2098 duas
972 2060 1182 2114 ferrestt'pes,
1200 2074 1363 2113 quarum
1383 2061 1499 2101 altera
1511 2064 1674 2115 primam

412 2114 730 2155 transveffionem
744 2143 755 2161 ,
779 2114 940 2153 reditum
953 2114 1069 2153 altera
1085 2126 1285 2154 mercetur.
1303 2115 1375 2154 Sed
1389 2115 1442 2154 ita
1453 2114 1537 2155 sunt
1553 2129 1675 2168 quae-

414 2170 498 2208 dam
508 2168 663 2221 Apuleii
678 2168 799 2207 verba
811 2168 858 2206 ad
871 2168 1080 2207 Lucianum
1095 2169 1407 2217 accommodata,
1423 2181 1464 2209 ut
1478 2182 1676 2223 compara-

413 2223 531 2262 tionis
549 2222 798 2261 instituendae
812 2220 923 2261 causa
936 2223 1101 2275 proponi
1117 2234 1350 2262 mereantur:
1375 2224 1451 2262 Nec
1460 2238 1576 2270 mora,
1595 2239 1671 2264 cum

413 2279 597 2328 adflumen
611 2288 775 2315 mortuum
786 2276 895 2315 venies
905 2305 918 2321 ‚
941 2278 996 2315 cui
1004 2275 1188 2328 praefet‘lus
1204 2277 1337 2316 Charon
1343 2277 1498 2329 protinus
1515 2291 1671 2330 expetens

410 2331 610 2384 portorium,
614 2332 666 2381 sic
680 2332 729 2368 ad
737 2331 843 2383 ripam
855 2330 1035 2370 ulteriorem
1041 2329 1140 2380 sutili
1158 2332 1281 2382 cymba
1295 2332 1427 2370 deducit
1437 2344 1669 2371 commeantes.

415 2385 513 2436 Ergo
525 2384 559 2422 ὃ*
570 2384 656 2422 inter
675 2397 823 2423 mortuos
836 2384 983 2422 avaritia
997 2385 1116 2422 vivit?
1136 2400 1194 2423 nec
1211 2385 1344 2423 Charon
1363 2385 1441 2430 ille,
1457 2385 1558 2424 Din's
1572 2397 1671 2437 pater

412 2437 648 2490 (suspicabar
660 2438 767 2484 olim,
784 2438 883 2476 Ditis
894 2439 1052 2490 portitor,
1068 2439 1171 2489 quod
1186 2438 1346 2477 necdum
1361 2438 1470 2491 plane
1485 2437 1672 2491 displicet;

410 2492 590 2546 quamvis
603 2491 798 2545 vulgatum
809 2491 1010 2533 leffionem
1024 2502 1214 2542 tueantur,
1232 2505 1329 2546 quae
1343 2503 1451 2533 notat
1463 2491 1539 2533 Th.
1551 2492 1672 2538 Mune
1716 2519 1721 2539 ÷
