1748 3420
446 225 553 292 ΒΨ
641 215 1507 265 ANNoTATroNES

444 311 586 350 blicum
600 307 766 347 Philonis
780 307 927 358 Byblii,
936 319 1051 359 quem
1064 305 1249 346 Eusebius
1261 305 1443 354 servavit,
1453 308 1562 348 locus
1571 307 1701 362 Praep.

444 364 594 415 Evang.
608 376 643 414 p.
663 361 710 413 36
723 362 772 400 A.
793 375 840 413 37
855 360 907 399 D.
923 374 970 413 39
986 359 1031 400 C.
1045 360 1096 398 ibi
1111 359 1315 399 nascuntur
1330 362 1370 398 ἐκ
1385 360 1452 400 τοῦ
1468 361 1596 401 Συὸυκ
1607 362 1704 414 (Σάι-

445 415 555 455 ὃυκον
573 415 639 455 vel
659 415 828 453 Σάὃοκον
845 414 1009 466 appellat
1027 412 1259 453 Damascius
1273 414 1372 465 apud
1387 414 1496 454 Phot.
1515 428 1598 467 pag.
1617 428 1702 468 573.

448 467 634 507 Σανέὂκον
651 468 881 520 Apollodor.
903 466 955 506 III
969 497 979 514 ,
1002 480 1038 519 p.
1063 466 1169 519 239.)
1185 467 1412 518 Διόσκουροι,
1426 468 1444 509 ii
1466 469 1630 519 Κάβειροι
1645 497 1658 514 ,
1680 467 1700 508 ἢ

442 523 675 575 Κορύβαντες,
687 525 704 560 ii
718 519 963 572 Σαμοθρᾷκες·
977 518 1127 559 eosdem
1140 520 1178 558 in
1199 520 1348 559 honore
1361 518 1465 560 fuiffe
1478 533 1559 560 non
1573 521 1705 573 vulga-

443 576 477 615 ri
498 576 597 628 apud
616 575 769 614 Atticae
792 575 959 625 regionis
986 573 1146 619 incolas,
1167 573 1294 612 multis
1318 573 1455 613 indiciis
1474 574 1705 626 deprehendi

444 628 594 682 porest3
612 641 697 667 nam
717 629 936 676 Κεφαλῇσιν,
952 638 993 665 ut
1010 628 1122 665 docet
1133 625 1286 665 Paul'an.
1300 626 1339 671 1,
1357 640 1392 678 p.
1405 641 1472 676 77,
1484 626 1514 665 οἱ
1525 628 1705 666 Διοσκου-

447 699 496 735 ροι
516 682 720 732 νομιζονται
739 682 931 730 μάλιστα·
946 678 1144 732 μεγάλους
1158 682 1235 732 ’γὰρ
1250 678 1346 723 σφοῖς
1361 679 1393 717 οἱ
1413 680 1530 728 ταύτῃ
1545 680 1652 722 &evile
1666 683 1706 720 ὅ·

446 737 655 787 νομαζουσι·
673 736 744 773 iam
757 747 854 773 vero
870 746 935 785 per
949 746 1067 785 pagos
1080 746 1178 784 quae
1193 733 1417 772 colebantur
1429 735 1602 781 numina,
1616 732 1707 773 fuis-

444 789 483 829 se
499 787 741 828 vetustiffima
760 787 873 826 nobis
891 798 1130 839 compertum
1153 785 1216 825 est.
1240 787 1341 825 Idem
1365 786 1455 825 illud
1472 787 1706 840 antiquitatis

447 843 619 884 Graecae
635 854 734 894 penu
750 841 972 892 Methapum
989 839 1146 878 testatur
1164 838 1432 878 Atheniensem
1449 841 1515 878 καὶ
1528 841 1704 885 Θηβαίοις

447 897 522 935 τῶν
538 896 710 948 Καβείρων
724 895 788 934 τὴν
801 893 957 933 τελετὴν
971 890 1302 933 καταστήσασθαι
1314 894 1368 939 V,
1384 905 1469 945 pag.
1486 893 1573 933 281.
1585 894 1706 948 Apud

448 950 605 991 Gruter.
621 964 654 1002 p.
676 962 749 1002 3¹9
765 947 858 987 Insc.
876 962 896 986 2
915 946 1003 987 Gaii
1027 947 1171 985 mentio
1191 948 1376 999 reperitur
1391 946 1641 989 Acharnensis
1656 947 1705 988 ἱε-

448 1005 533 1055 ρέως
555 1017 758 1054 γενομενου
779 1001 869 1040 Ξτεῶν
887 999 1074 1051 μεγάλων
1094 1000 1293 1051 Διοσκόρων
1311 1000 1498 1051 Καβείρων.
1513 1001 1625 1040 Unde
1640 1014 1707 1041 au·
1728 1018 1734 1024 ·

448 1070 524 1095 tem
545 1057 607 1095 hic
621 1057 746 1094 cultus
760 1055 991 1094 Cabirorum
1005 1054 1049 1092 ad
1065 1053 1219 1092 Atticos
1237 1055 1472 1105 pervenerit,
1493 1052 1600 1094 facile
1615 1066 1707 1108 pot-

448 1110 501 1148 est
516 1109 749 1161 investigari,
764 1108 791 1146 si
809 1120 899 1147 vera
915 1106 1020 1154 sunt,
1041 1118 1082 1145 ut
1105 1107 1278 1159 equidem
1299 1107 1477 1155 arbitror,
1497 1120 1604 1160 quae.
1621 1108 1706 1148 scri-

450 1164 505 1202 bit
520 1163 708 1201 Herodot.
719 1161 755 1200 ll
769 1191 782 1207 ,
799 1175 858 1214 51,
875 1159 1061 1212 Pelasgos,
1075 1160 1282 1199 Ἀθηναίοισι
1296 1162 1475 1200 συνοίκους
1485 1161 1706 1211 γενομένους

447 1217 483 1255 ἐν
498 1215 546 1266 τῇ
568 1217 693 1267 χώρῃ,
713 1215 821 1253 initia
834 1213 1008 1253 Deorum
1025 1213 1312 1254 Samothracum
1332 1213 1523 1253 instituiffe
1535 1215 1701 1268 primos:

448 1269 532 1308 fieri
549 1269 634 1309 sane
647 1269 713 1307 vix
730 1268 857 1320 potuit
868 1297 879 1316 ,
898 1269 991 1319 quin
1007 1266 1299 1306 Atheniensibus
1310 1299 1321 1314 ‚
1335 1281 1423 1307 cum
1439 1268 1578 1320 quibus
1592 1280 1708 1309 tanto

447 1333 622 1375 tempore
635 1323 838 1369 vixerunt,
854 1322 983 1360 eadem
1004 1321 1280 1372 inipertiverint
1301 1320 1428 1369 sacra,
1452 1334 1550 1374 quae
1573 1321 1704 1374 postea

448 1376 578 1416 nescio
591 1377 675 1429 quis
687 1388 793 1415 error
807 1375 974 1414 traduxit
987 1375 1032 1413 ad
1045 1374 1284 1425 Tyndaridas
1292 1388 1305 1422 ;
1320 1387 1455 1414 eorum
1470 1375 1645 1428 profesto
1661 1376 1703 1415 in

448 1430 621 1481 Hymnis
642 1429 825 1481 Orphicis
838 1459 851 1474 ,
877 1429 944 1481 qui
965 1427 1183 1468 vetustioris
1207 1429 1445 1481 Theologiae
1471 1428 1704 1482 disciplinam

449 1484 671 1529 continent,
686 1484 783 1522 ratio
799 1482 962 1521 habetur
983 1481 1105 1520 nulla:
1123 1495 1208 1521 nam
1232 1482 1338 1535 quod
1357 1483 1394 1521 in
1412 1478 1516 1535 Εὖχξῐ
1529 1496 1568 1522 ν.
1587 1495 1631 1521 2¹
1649 1483 1705 1522 le·

451 1538 566 1589 gitur,
582 1538 650 1575 Καὶ
663 1537 863 1589 μεγάλους
875 1534 1040 1587 σωτῆρας
1053 1534 1143 1585 ὁμοῦ
1154 1566 1167 1582 ,
1182 1537 1269 1575 Διος
1280 1534 1418 1583 ἄφθιτα
1428 1538 1558 1585 τέκνα,
1569 1535 1706 1575 fallun-

449 1603 530 1637 tur,
541 1592 609 1643 qui
623 1591 667 1630 ad
683 1590 861 1630 Castoras
872 1589 1043 1628 trahunt:
1060 1589 1193 1641 quales
1209 1588 1365 1641 σωτῆρες
1378 1589 1605 1641 intelligendi
1619 1589 1706 1636 sint,

444 1641 613 1684 declarat
629 1645 814 1695 Hymnus
831 1644 869 1682 in
884 1643 1045 1682 Curetas
1055 1643 1268 1689 XXXVII,
1284 1643 1351 1682 ubi
1369 1666 1414 1672 —
1428 1643 1571 1692 κόσμου
1585 1641 1707 1683 σωτῆ-

451 1713 508 1750 ρες
524 1698 668 1750 ἀγαυοὶ
681 1727 692 1743 ,
712 1696 811 1736 Οἳτε
822 1696 1062 1748 Σαμοθρᾴκην
1085 1696 1171 1748 ιἐρῖιν
1190 1695 1316 1748 χθόνα
1328 1697 1562 1736 ναιετάοντες
1574 1696 1707 1736 Κινὸὑ-

450 1766 530 1791 νους
556 1750 694 1791 &vn-[031¹
713 1750 920 1802 ἁπερὺκετε
941 1748 1268 1790 ποντοπλανίιτων·
1289 1749 1426 1802 illaque
1448 1751 1616 1803 inprimis
1634 1751 1705 1790 ob-

451 1804 647 1844 servanda.
673 1803 858 1856 Κουρῆτες,
880 1804 1101 1856 Κορύβαντες
1123 1803 1332 1855 ἀνακτορες,
1352 1801 1547 1843 εὖθύνατοί
1565 1819 1632 1850 τε,
1650 1803 1707 1845 Ἐν

453 1857 671 1910 Σαμοθρᾴκῃ
688 1859 868 1903 ἄνακτες,
879 1855 967 1906 ὁμοῦ
980 1859 1083 1897 Ζηνὸς
1100 1858 1191 1909 κόροι
1208 1855 1330 1896 αὐτοὶ.
1345 1857 1468 1896 Πνοιαὶ
1482 1857 1617 1905 ἀέναοι,
1631 1856 1710 1907 «Lu.

452 1913 640 1965 χοτρόφοι,
652 1911 863 1964 ἀεροειὸεῖς,
878 1909 925 1950 O‘t'
938 1926 981 1949 τε
994 1910 1056 1949 καὶ
1071 1908 1217 1963 οὗρανιοι
1234 1910 1395 1960 Δι’ἓυμοι
1413 1910 1586 1962 anssec&
1601 1911 1634 1949 ἐν
1647 1911 1708 1950 ’0-

451 1965 600 2016 λύμπῳ.
614 1966 764 2005 Verum
777 1978 826 2004 ne
837 1964 1124 2004 Samothraciae
1135 1965 1286 2016 quidem
1299 1994 1312 2010 ,
1327 1977 1440 2016 quam
1455 1965 1605 2017 optimo
1617 1964 1707 2004 titu-

449 2019 491 2058 lo
507 2019 732 2058 videbantur
744 2029 872 2058 tenere
882 2048 896 2064 ,
911 2017 1173 2070 poffeffionem
1189 2018 1336 2057 Cabiris
1349 2019 1529 2070 integram
1541 2018 1706 2069 Tynda·

449 2073 551 2112 ridae
574 2072 834 2125 reliquerunt3
852 2073 1032 2124 opinione
1045 2070 1174 2114 saltem
1194 2072 1322 2124 vulgi,
1341 2084 1460 2124 quam
1473 2071 1582 2111 velut
1597 2084 1708 2111 com-

449 2137 596 2179 pertam
609 2125 758 2166 secutus
768 2125 821 2167 est
832 2125 949 2165 Ovid.
964 2126 981 2164 I
995 2125 1108 2165 Trifl.
1120 2125 1176 2173 Χ,
1190 2138 1238 2177 45
1252 2137 1261 2164 ζ
1287 2128 1358 2164 Vos
1369 2141 1508 2178 quoque,
1531 2125 1706 2178 Tyndari-

451 2183 514 2218 dae
524 2211 536 2226 ‚
556 2195 640 2233 quos
659 2181 740 2219 haec
751 2180 830 2219 colit
850 2179 963 2231 insula
975 2209 984 2226 ,
994 2178 1126 2230 fratres
1137 2209 1148 2226 ,
1163 2180 1254 2218 Mite
1264 2208 1278 2225 ,
1299 2193 1426 2230 precor,
1440 2179 1564 2231 duplici
1583 2194 1706 2218 numen

449 2236 554 2286 adeste
564 2234 659 2273 viae:
677 2232 779 2273 forte
792 2233 904 2272 etiam
926 2233 1114 2272 Plutarch.
1136 2233 1175 2271 in
1195 2232 1335 2272 Aemil.
1350 2246 1386 2285 p.
1409 2234 1483 2282 267
1496 2232 1537 2271 F.
1550 2231 1706 2273 Perseus

449 2287 702 2327 Macedoniae
722 2300 791 2326 rex
806 2286 929 2326 vifius
943 2287 1167 2326 ὃιέπλευσεν
1190 2286 1241 2325 εἰς
1261 2285 1515 2338 Σαμοθρᾴκην,
1529 2285 1594 2324 καὶ
1615 2285 1708 2325 ‹5⁸1ae-

451 2341 596 2392 ‹pet'J-yeov
609 2341 672 2380 ἐστὶ
685 2340 771 2379 τοὺς
783 2340 1018 2391 Διοσκούρους
1033 2339 1202 2379 ἱκέτευεν·
1214 2353 1448 2392 quamquam
1459 2341 1498 2378 in
1512 2339 1582 2379 hac
1593 2338 1708 2379 histo-

448 2395 505 2434 ria
518 2394 585 2434 sub
604 2394 750 2433 initium
769 2394 834 2433 lib.
849 2394 955 2446 XLV
979 2394 1108 2433 Livius
1123 2393 1273 2432 nullum
1290 2393 1580 2433 Samothracum
1596 2391 1707 2432 Deo-

446 2461 534 2487 rum
548 2461 690 2488 nomen
700 2479 712 2496 ‚
726 2447 806 2487 five
819 2461 898 2487 rem
913 2449 1095 2487 incertam
1114 2448 1231 2487 tutius
1244 2448 1280 2486 in
1297 2447 1424 2486 medio
1441 2447 1604 2498 relinqui
1617 2458 1707 2485 cen-

447 2501 555 2553 sens,
577 2501 657 2544 five
677 2502 862 2555 religione
883 2501 1104 2552 deterritus,
1128 2512 1439 2549 commemoret3
1462 2499 1531 2540 nisi
1555 2500 1640 2553 quis
1665 2500 1706 2540 in
