1748 3420
422 241 512 288 286
607 235 1487 288 ANNOTATIONES

416 330 573 367 SOLAN.
592 324 722 364 Credo
745 336 875 364 veram
899 323 973 364 effe
987 325 1167 365 Thomae
1193 325 1395 368 leffionem
1421 329 1458 369 in
1485 329 1679 384 Διέφθορενι

418 378 569 420 Etiamsi
586 379 777 417 Lucianus
792 390 921 431 carpat
933 378 1037 418 illum
1051 378 1161 418 usum
1176 378 1243 418 τοῦ
1258 379 1426 432 <saeveque
1440 382 1625 435 paffivum
1641 386 1680 424 in

417 434 571 472 Soloec.
589 432 605 481 ς’
631 447 668 477 w,
682 431 759 484 ipse
781 444 908 472 tamen
931 445 1011 472 non
1032 444 1187 472 veretur
1200 433 1311 487 saepe
1329 432 1514 476 discedere
1537 438 1584 477 ab
1599 437 1682 478 stri-

416 486 484 525 &is
498 461 687 525 Atticisini
709 485 848 538 regulis
859 499 987 538 rquas
1002 499 1051 526 eo
1064 487 1101 525 in
1123 487 1252 526 libeilo
1264 518 1276 536 ,
1297 499 1339 527 ut
1356 489 1470 528 alium
1486 492 1681 544 quendam

417 541 612 586 irrideret,
631 538 880 592 sophistas&
899 539 1183 580 Grammaticos
1207 540 1358 581 secutus
1378 541 1525 583 fixerat.
1539 547 1588 582 Tb
1607 545 1683 584 σῶ-

415 609 476 643 μα
489 607 588 633 vero
603 607 624 633 a
643 593 743 632 male
764 592 900 632 sedulis
919 594 1201 634 concistoribus
1218 607 1301 635 non
1323 608 1413 635 raro
1428 598 1589 649 migrare
1605 597 1684 638 ius-

417 647 499 686 sum
514 648 552 686 in
566 647 618 695 τῷ
633 647 799 695 σώματι·
813 645 881 685 ista
895 646 998 687 labes
1013 660 1179 687 mentem
1194 649 1373 702 corrupit
1386 648 1590 690 sententiae
1604 651 1684 704 Py-

417 702 672 754 thagoreaein
686 700 883 740 Iamblichi
897 700 1020 740 Protr.
1033 700 1142 750 c.11‚
1162 715 1198 754 ρ,
1214 717 1251 751 4.
1269 702 1320 742 fic
1339 702 1387 741 ibi
1405 703 1609 756 legendum
1627 705 1682 744 est

418 769 494 808 ope
509 756 664 795 Codicis
681 754 910 794 Reinefiani:
927 755 1096 807 βλαβερὰ
1110 754 1292 805 μάλιστα.
1310 755 1437 808 τροφῆς
1454 757 1522 807 μὲν
1533 758 1683 804 ἀφθονία.

419 811 473 858 τῷ
490 813 530 847 τὸ
545 809 674 858 σῶμα,
688 806 854 847 κτήσεως
866 806 911 846 sk
927 807 979 856 τῷ
991 808 1056 848 τὴν
1070 808 1208 861 ψυχὴν
1222 809 1445 860 διακειμένῳ
1461 810 1598 850 zanek.
1611 812 1684 851 Ar·

416 864 561 903 cerium
574 863 636 902 hic
653 861 744 900 nihil
758 861 902 907 vidiffe,
921 861 1006 901 satis
1022 873 1142 915 patet:
1163 865 1326 916 propius
1339 863 1557 913 accesserat,
1569 866 1635 918 qui
1641 879 1684 920 p-

415 931 464 971 pe
477 917 633 970 ingenio
645 916 762 968 longe
778 914 1038 969 praestantior.
1053 916 1302 968 Anonymus.
1317 919 1484 957 HEMST.

414 1024 439 1065 S
471 972 582 1010 ead.l.
600 984 634 1009 2.
648 969 719 1008 Τοῦ
733 968 925 1022 χιτῶνος)
941 968 1058 1009 Ovid.
1085 971 1181 1010 Met.
1203 969 1282 1020 IX,
1309 984 1406 1025 152,
1431 986 1504 1026 213
1526 971 1571 1013 δι
1596 985 1684 1027 ¹30·

443 1035 573 1064 OLAN.

471 1083 543 1117 ead.
559 1079 582 1117 l.
597 1092 630 1130 3.
648 1075 898 1124 'Esodzsucm
915 1077 966 1115 V.
980 1076 1099 1116 Clem.
1115 1077 1230 1116 Alex.
1241 1091 1280 1130 p.
1299 1090 1343 1129 15
1361 1078 1404 1118 B.
1420 1078 1579 1119 SOI-AN.

471 1135 545 1171 ead.
563 1133 585 1170 l.
600 1148 636 1179 4.
649 1131 871 1180 Παιόμενος)
885 1129 1002 1170 Ovid.
1015 1131 1070 1169 IX
1083 1131 1240 1170 Heroid.
1256 1131 1413 1171 SOLAN.
1426 1133 1605 1172 Meminit
1616 1133 1684 1174 hu·

420 1187 478 1225 ius
491 1186 566 1225 loci
580 1184 789 1224 Cresollius
800 1184 876 1224 Th.
890 1184 1005 1224 Rhet.
1017 1185 1069 1233 V,
1082 1198 1115 1223 c.
1129 1185 1176 1233 63
1191 1185 1259 1224 ubi
1274 1198 1357 1224 tum
1375 1187 1420 1225 de
1436 1187 1561 1227 verbo
1571 1186 1684 1239 ῥαπί-

417 1243 489 1284 ζειν
504 1240 631 1278 minus
650 1238 748 1278 bene
768 1250 1069 1284 commentatur,
1089 1247 1171 1278 tum
1186 1238 1376 1278 Plutarchi
1394 1240 1526 1280 locum
1538 1272 1550 1290 ‚
1568 1241 1639 1294 qui
1659 1254 1683 1281 a

416 1292 649 1333 casaubono
662 1293 816 1344 egregie
832 1291 955 1331 fuerat
969 1291 1174 1332 illustratus
1190 1293 1237 1332 ad
1249 1292 1406 1334 Sueton.
1417 1294 1582 1348 August.
1594 1307 1682 1349 cap.

416 1348 468 1387 82
480 1379 491 1396 ‚
507 1347 605 1386 maie
620 1345 767 1386 tradat.
783 1347 949 1385 Hmtsr.

471 1404 544 1440 ead.
562 1402 585 1440 l.
601 1401 636 1441 6.
650 1402 864 1453 Μελαγχ.)
883 1400 1013 1452 Eurip.
1029 1399 1069 1439 &
1085 1399 1225 1439 Seneca
1239 1400 1352 1440 Herc.
1366 1400 1441 1440 fur.
1454 1401 1613 1442 Sol-AN.

471 1459 543 1495 ead.
559 1457 582 1493 l.
601 1469 636 1508 9.
655 1452 761 1494 Μηδὲ
782 1456 843 1493 τὶν
865 1454 1031 1495 Παιήονα
1052 1453 1153 1506 διε.)
1175 1454 1274 1505 Quo
1294 1453 1519 1508 spe&averit
1545 1456 1682 1496 Lucia-

417 1522 490 1549 επις
502 1541 513 1558 ,
534 1510 673 1549 indicat
692 1508 818 1548 forma
831 1509 940 1548 vocis
951 1509 1125 1562 poetica:
1145 1508 1328 1547 nimirum
1343 1509 1388 1548 ad
1400 1510 1563 1550 Homeri
1575 1509 1620 1550 Il.
1634 1510 1681 1558 E,

418 1578 511 1611 401,
535 1563 626 1616 899.
651 1562 809 1603 Dicitur
834 1574 962 1602 autem
989 1562 1095 1615 quasi
1116 1562 1349 1615 proverbio:
1370 1563 1559 1616 Apollon.
1583 1563 1683 1617 Arg.

417 1618 492 1664 lv,
508 1632 523 1656 1
537 1632 577 1670 51
590 1631 603 1655 1
612 1648 623 1665 ‚
637 1617 700 1656 ille
710 1617 874 1669 serpens,
885 1631 907 1656 a
918 1629 999 1670 quo
1010 1615 1203 1669 percussus
1215 1616 1354 1656 interiit
1367 1616 1541 1671 Mopsus,
1551 1631 1684 1671 quem·

417 1684 571 1724 cunque
590 1671 766 1711 dentibus
781 1671 899 1710 modo
917 1671 1102 1723 tetigerit,
1117 1683 1210 1709 eum
1228 1669 1420 1724 exspirare
1439 1670 1584 1711 necesse
1604 1671 1682 1720 est,

418 1723 513 1764 065³
533 1727 570 1765 ἦν
586 1722 750 1771 Παιήων,
771 1725 803 1763 ÷i⁴
817 1740 880 1775 μοι
903 1729 1011 1775 δεμις
1026 1724 1206 1773 ἄμυθον
1228 1724 1362 1771 εἰπεῖν,
1376 1725 1582 1777 Φαρμάσσῃ
1605 1748 1678 1757 --

417 1793 536 1831 quem
556 1781 686 1819 locum
702 1779 909 1819 commode
924 1778 1084 1832 protulit
1100 1778 1140 1816 L.
1154 1779 1232 1818 Bos
1247 1777 1339 1817 obs.
1354 1778 1449 1818 Crit.
1460 1793 1500 1833 p.
1516 1781 1682 1828 44Vid.

414 1833 559 1873 Phalar.
577 1834 646 1885 Ep.
660 1832 690 1873 I.
703 1833 865 1872 HEMST.
1485 1854 1493 1858 »

471 1889 507 1927 in
520 1889 638 1927 Schol.
652 1888 716 1926 col.
737 1901 766 1926 1.
784 1888 806 1925 l.
827 1901 857 1925 1.
871 1887 939 1926 Τῖην
953 1886 1140 1940 γυναῖκα)
1159 1886 1359 1940 Μεγάραν)
1371 1887 1480 1927 Haec
1492 1886 1545 1926 ita
1555 1886 1680 1928 distin·

417 1943 478 1988 xi,
498 1953 543 1982 ut
558 1954 703 1981 nomen
717 1942 849 1980 uxoris
860 1940 1055 1980 scholium
1071 1940 1125 1979 sit.
1141 1941 1300 1980 SOLAN.

469 1997 548 2035 ibid.
562 1996 584 2034 l.
604 2010 638 2034 2.
656 1994 853 2048 ΓιῙεγάριιν)
869 1995 922 2034 Ut
936 1995 1119 2034 edidimus
1130 2024 1142 2040 ,
1160 1996 1210 2034 ita
1224 1994 1523 2048 distinguendum
1534 1993 1610 2035 effe
1620 1995 1682 2035 vi—

417 2050 524 2090 derat
538 2050 652 2090 etiam
675 2049 812 2088 Matth.
834 2049 984 2089 Sladus:
1007 2050 1044 2088 in
1067 2052 1110 2088 V.
1130 2049 1230 2088 male
1243 2061 1438 2102 praeterea
1458 2049 1682 2102 Κρεοτιάὸης·

418 2104 459 2143 ἃ
477 2104 684 2157 Μηγάραν,
702 2116 870 2156 quorum
893 2103 983 2142 illud
997 2103 1190 2151 correxit,
1214 2104 1292 2143 hoc
1310 2103 1468 2142 retinuit
1481 2107 1516 2143 E.
1533 2106 1572 2141 A.
1594 2104 1682 2143 Me·

418 2171 548 2210 garam
569 2171 658 2198 cum
681 2158 802 2197 tribus
821 2157 947 2196 liberis
968 2156 1104 2196 scelere
1123 2155 1283 2196 furentis
1303 2157 1482 2196 Herculis
1506 2156 1681 2197 interiisse

414 2212 556 2266 scripsit
568 2213 764 2265 Euripides
775 2212 812 2250 in
825 2211 1044 2264 Tragoedia
1061 2212 1319 2263 cognomine,
1335 2211 1543 2263 itidemque
1562 2210 1681 2251 Sene-

418 2280 485 2313 ca,
506 2277 741 2320 quamquam
761 2266 853 2305 alias
868 2267 1002 2305 ordine
1024 2278 1150 2304 rerum
1169 2264 1210 2303 &
1224 2264 1358 2304 scenae
1379 2265 1542 2304 multum
1557 2265 1682 2304 diver·

416 2320 497 2360 sus:
515 2322 593 2360 vid.
608 2321 756 2372 Hygia.
771 2319 810 2358 F.
827 2319 963 2359 XXXI
977 2349 989 2364 ,
1003 2318 1173 2364 XXXII,
1191 2318 1360 2359 CCXLI.
1375 2319 1448 2358 Alii
1467 2317 1681 2359 consultius

416 2373 455 2414 se
467 2373 637 2414 faeturos
651 2374 821 2414 arbitrati
838 2373 942 2421 sunt,
962 2372 989 2411 fi
1007 2373 1207 2425 Megaram
1223 2385 1386 2413 uxorem
1402 2383 1511 2413 tanto
1525 2374 1681 2426 parrici-

417 2429 483 2469 dio
496 2441 576 2468 non
589 2428 843 2468 subducerent
853 2439 1019 2475 tantum,
1029 2426 1091 2466 sed
1106 2427 1144 2466 in
1156 2427 1256 2466 aliud
1267 2428 1380 2466 etiam
1392 2426 1680 2467 matrimonium

417 2484 571 2523 darent:
593 2482 647 2521 ita
659 2481 746 2522 sane
758 2481 926 2522 Diodor.
939 2480 1088 2520 Siculus
1100 2511 1112 2526 ‚
1130 2481 1261 2527 cuius,
1277 2492 1413 2532 utpote
1426 2479 1618 2529 historici,
1636 2480 1681 2520 fi-

413 2538 501 2578 dem
514 2538 551 2577 in
565 2536 702 2578 fabulis
714 2536 803 2577 vide
814 2548 861 2577 an
873 2535 1004 2590 potius
1016 2534 1314 2589 amplectendam
1326 2533 1538 2583 existimes,
1549 2534 1624 2582 IV,
1642 2546 1679 2590 p.
1712 2540 1714 2542 '
