<?xml version="1.0" encoding="UTF-8"?>
<!DOCTYPE html PUBLIC "-//W3C//DTD XHTML 1.0 Transitional//EN"
    "http://www.w3.org/TR/xhtml1/DTD/xhtml1-transitional.dtd">
<html xmlns="http://www.w3.org/1999/xhtml" xml:lang="en" lang="en">
 <head>
  <title>
</title>
<meta http-equiv="Content-Type" content="text/html;charset=utf-8" />
  <meta name='ocr-system' content='tesseract 3.04.00' />
  <meta name='ocr-capabilities' content='ocr_page ocr_carea ocr_par ocr_line ocrx_word'/>
</head>
<body>
  <div class='ocr_page' id='page_1' title='image "./operagraeceetlat02luciuoft_0577.png"; bbox 0 0 1748 3420; ppageno 0'>
   <div class='ocr_carea' id='block_1_1' title="bbox 133 218 1315 284">
    <p class='ocr_par' dir='ltr' id='par_1_1' title="bbox 133 218 1315 284">
     <span class='ocr_line' id='line_1_1' title="bbox 133 218 1315 284; baseline 0.002 -18"><span class='ocrx_word' id='word_1_1' title='bbox 133 221 215 266; x_wconf 78' lang='lat' dir='ltr'>IN</span> <span class='ocrx_word' id='word_1_2' title='bbox 249 219 639 267; x_wconf 78' lang='lat' dir='ltr'>DIALOGOS</span> <span class='ocrx_word' id='word_1_3' title='bbox 675 218 1184 267; x_wconf 86' lang='lat' dir='ltr'>MORTUORUM.</span> <span class='ocrx_word' id='word_1_4' title='bbox 1225 235 1315 284; x_wconf 82' lang='lat'>537</span> 
     </span>
    </p>
   </div>
   <div class='ocr_carea' id='block_1_2' title="bbox 0 308 1327 1654">
    <p class='ocr_par' dir='ltr' id='par_1_2' title="bbox 24 308 1322 470">
     <span class='ocr_line' id='line_1_2' title="bbox 24 308 1319 365; baseline 0 -17"><span class='ocrx_word' id='word_1_5' title='bbox 24 329 28 335; x_wconf 31' lang='grc' dir='ltr'><strong>Δ</strong></span> <span class='ocrx_word' id='word_1_6' title='bbox 53 309 106 349; x_wconf 89' lang='lat' dir='ltr'>V.</span> <span class='ocrx_word' id='word_1_7' title='bbox 121 310 297 362; x_wconf 88' lang='lat' dir='ltr'>Xenoph.</span> <span class='ocrx_word' id='word_1_8' title='bbox 319 311 470 365; x_wconf 91' lang='lat' dir='ltr'>Cyrop.</span> <span class='ocrx_word' id='word_1_9' title='bbox 490 312 531 351; x_wconf 93' lang='lat' dir='ltr'>L.</span> <span class='ocrx_word' id='word_1_10' title='bbox 550 312 625 360; x_wconf 92' lang='lat' dir='ltr'>IV,</span> <span class='ocrx_word' id='word_1_11' title='bbox 642 311 789 351; x_wconf 85' lang='lat' dir='ltr'>&amp;VIII</span> <span class='ocrx_word' id='word_1_12' title='bbox 807 323 1003 351; x_wconf 84' lang='lat' dir='ltr'>extremo:</span> <span class='ocrx_word' id='word_1_13' title='bbox 1022 311 1127 363; x_wconf 89' lang='lat' dir='ltr'>quod</span> <span class='ocrx_word' id='word_1_14' title='bbox 1152 310 1192 349; x_wconf 85' lang='lat'>&amp;</span> <span class='ocrx_word' id='word_1_15' title='bbox 1214 308 1319 362; x_wconf 85' lang='lat' dir='ltr'>apud</span> 
     </span>
     <span class='ocr_line' id='line_1_3' title="bbox 24 363 1322 407; baseline 0.002 -6"><span class='ocrx_word' id='word_1_16' title='bbox 24 375 26 379; x_wconf 72' lang='grc'>’</span> <span class='ocrx_word' id='word_1_17' title='bbox 54 363 191 402; x_wconf 85' lang='lat' dir='ltr'>Medos</span> <span class='ocrx_word' id='word_1_18' title='bbox 206 364 408 404; x_wconf 69' lang='lat' dir='ltr'>obtinuisse</span> <span class='ocrx_word' id='word_1_19' title='bbox 423 378 443 404; x_wconf 90' lang='lat' dir='ltr'>a</span> <span class='ocrx_word' id='word_1_20' title='bbox 458 378 555 405; x_wconf 90' lang='lat' dir='ltr'>vero</span> <span class='ocrx_word' id='word_1_21' title='bbox 572 378 652 404; x_wconf 91' lang='lat' dir='ltr'>non</span> <span class='ocrx_word' id='word_1_22' title='bbox 666 365 870 405; x_wconf 89' lang='lat' dir='ltr'>abhorret:</span> <span class='ocrx_word' id='word_1_23' title='bbox 893 366 1011 404; x_wconf 91' lang='lat' dir='ltr'>immo</span> <span class='ocrx_word' id='word_1_24' title='bbox 1028 366 1075 403; x_wconf 87' lang='lat' dir='ltr'>ab</span> <span class='ocrx_word' id='word_1_25' title='bbox 1096 366 1142 403; x_wconf 88' lang='lat' dir='ltr'>iis</span> <span class='ocrx_word' id='word_1_26' title='bbox 1160 376 1322 407; x_wconf 48' lang='lat' dir='ltr'>mutuaff</span> 
     </span>
     <span class='ocr_line' id='line_1_4' title="bbox 54 418 708 470; baseline 0.002 -14"><span class='ocrx_word' id='word_1_27' title='bbox 54 427 116 456; x_wconf 91' lang='lat' dir='ltr'>tus</span> <span class='ocrx_word' id='word_1_28' title='bbox 129 429 210 456; x_wconf 87' lang='lat' dir='ltr'>erat</span> <span class='ocrx_word' id='word_1_29' title='bbox 223 418 368 470; x_wconf 89' lang='lat' dir='ltr'>Cyrus.</span> <span class='ocrx_word' id='word_1_30' title='bbox 380 420 430 457; x_wconf 90' lang='lat' dir='ltr'>V.</span> <span class='ocrx_word' id='word_1_31' title='bbox 448 419 490 458; x_wconf 93' lang='lat' dir='ltr'>L.</span> <span class='ocrx_word' id='word_1_32' title='bbox 508 419 536 458; x_wconf 92' lang='lat'>1.</span> <span class='ocrx_word' id='word_1_33' title='bbox 552 419 708 458; x_wconf 73' lang='lat' dir='ltr'>SOLAN.</span> 
     </span>
    </p>

    <p class='ocr_par' dir='ltr' id='par_1_3' title="bbox 0 469 1324 1275">
     <span class='ocr_line' id='line_1_5' title="bbox 16 469 1319 525; baseline 0.001 -17"><span class='ocrx_word' id='word_1_34' title='bbox 16 477 18 485; x_wconf 77' lang='grc'>’</span> <span class='ocrx_word' id='word_1_35' title='bbox 108 473 179 509; x_wconf 85' lang='lat' dir='ltr'>ead.</span> <span class='ocrx_word' id='word_1_36' title='bbox 192 473 215 510; x_wconf 89' lang='lat' dir='ltr'>l.</span> <span class='ocrx_word' id='word_1_37' title='bbox 229 476 358 519; x_wconf 66' lang='lat'>141‘011</span> <span class='ocrx_word' id='word_1_38' title='bbox 371 472 550 524; x_wconf 59' lang='grc' dir='ltr'>Ἀρσακου</span> <span class='ocrx_word' id='word_1_39' title='bbox 566 471 717 525; x_wconf 66' lang='grc' dir='ltr'>κοντὸν)</span> <span class='ocrx_word' id='word_1_40' title='bbox 741 472 941 524; x_wconf 79' lang='lat' dir='ltr'>Eleganter</span> <span class='ocrx_word' id='word_1_41' title='bbox 954 470 1126 510; x_wconf 80' lang='lat' dir='ltr'>describit</span> <span class='ocrx_word' id='word_1_42' title='bbox 1141 469 1319 522; x_wconf 84' lang='lat' dir='ltr'>congres-</span> 
     </span>
     <span class='ocr_line' id='line_1_6' title="bbox 53 521 1320 578; baseline 0 -16"><span class='ocrx_word' id='word_1_43' title='bbox 53 521 136 562; x_wconf 90' lang='lat' dir='ltr'>sum</span> <span class='ocrx_word' id='word_1_44' title='bbox 154 524 274 564; x_wconf 81' lang='lat' dir='ltr'>Parthi</span> <span class='ocrx_word' id='word_1_45' title='bbox 291 526 430 578; x_wconf 87' lang='lat' dir='ltr'>equitis</span> <span class='ocrx_word' id='word_1_46' title='bbox 445 525 659 565; x_wconf 81' lang='lat' dir='ltr'>&amp;Thracis</span> <span class='ocrx_word' id='word_1_47' title='bbox 675 525 859 578; x_wconf 69' lang='lat' dir='ltr'>peltastae.</span> <span class='ocrx_word' id='word_1_48' title='bbox 877 526 1066 576; x_wconf 80' lang='lat' dir='ltr'>Scythae,</span> <span class='ocrx_word' id='word_1_49' title='bbox 1082 525 1220 570; x_wconf 78' lang='lat' dir='ltr'>Parthi,</span> <span class='ocrx_word' id='word_1_50' title='bbox 1236 528 1320 562; x_wconf 76' lang='lat' dir='ltr'>Sar-</span> 
     </span>
     <span class='ocr_line' id='line_1_7' title="bbox 54 578 1322 632; baseline 0 -16"><span class='ocrx_word' id='word_1_51' title='bbox 54 589 201 624; x_wconf 89' lang='lat' dir='ltr'>matae,</span> <span class='ocrx_word' id='word_1_52' title='bbox 220 579 332 617; x_wconf 88' lang='lat' dir='ltr'>Alani</span> <span class='ocrx_word' id='word_1_53' title='bbox 348 578 562 632; x_wconf 85' lang='lat' dir='ltr'>praelongis</span> <span class='ocrx_word' id='word_1_54' title='bbox 574 593 621 618; x_wconf 83' lang='lat' dir='ltr'>ex</span> <span class='ocrx_word' id='word_1_55' title='bbox 634 592 739 631; x_wconf 85' lang='lat' dir='ltr'>equo</span> <span class='ocrx_word' id='word_1_56' title='bbox 752 580 877 618; x_wconf 89' lang='lat' dir='ltr'>contis</span> <span class='ocrx_word' id='word_1_57' title='bbox 894 579 1130 630; x_wconf 77' lang='lat' dir='ltr'>pugnabant:</span> <span class='ocrx_word' id='word_1_58' title='bbox 1145 579 1230 617; x_wconf 92' lang='lat' dir='ltr'>ideo</span> <span class='ocrx_word' id='word_1_59' title='bbox 1245 592 1322 616; x_wconf 74' lang='grc' dir='ltr'>κον-</span> 
     </span>
     <span class='ocr_line' id='line_1_8' title="bbox 54 629 1318 685; baseline 0.002 -17"><span class='ocrx_word' id='word_1_60' title='bbox 54 631 206 683; x_wconf 75' lang='grc' dir='ltr'>τοφόροι,</span> <span class='ocrx_word' id='word_1_61' title='bbox 219 645 290 684; x_wconf 88' lang='lat' dir='ltr'>pro</span> <span class='ocrx_word' id='word_1_62' title='bbox 304 645 385 684; x_wconf 90' lang='lat' dir='ltr'>quo</span> <span class='ocrx_word' id='word_1_63' title='bbox 405 645 524 685; x_wconf 85' lang='lat' dir='ltr'>prave</span> <span class='ocrx_word' id='word_1_64' title='bbox 541 633 712 672; x_wconf 77' lang='lat' dir='ltr'>scribitur</span> <span class='ocrx_word' id='word_1_65' title='bbox 726 633 950 684; x_wconf 74' lang='grc' dir='ltr'>ἀκοντοφόροι</span> <span class='ocrx_word' id='word_1_66' title='bbox 966 633 1064 684; x_wconf 88' lang='lat' dir='ltr'>apud</span> <span class='ocrx_word' id='word_1_67' title='bbox 1079 631 1198 670; x_wconf 92' lang='lat' dir='ltr'>Dion.</span> <span class='ocrx_word' id='word_1_68' title='bbox 1215 629 1318 671; x_wconf 80' lang='lat' dir='ltr'>Cass.</span> 
     </span>
     <span class='ocr_line' id='line_1_9' title="bbox 55 683 1322 739; baseline 0.001 -17"><span class='ocrx_word' id='word_1_69' title='bbox 55 683 150 733; x_wconf 88' lang='lat' dir='ltr'>XL,</span> <span class='ocrx_word' id='word_1_70' title='bbox 163 698 197 736; x_wconf 90' lang='lat' dir='ltr'>p.</span> <span class='ocrx_word' id='word_1_71' title='bbox 217 699 287 733; x_wconf 86' lang='lat'>127</span> <span class='ocrx_word' id='word_1_72' title='bbox 300 686 346 725; x_wconf 82' lang='lat' dir='ltr'>C.</span> <span class='ocrx_word' id='word_1_73' title='bbox 360 697 401 725; x_wconf 93' lang='lat' dir='ltr'>ut</span> <span class='ocrx_word' id='word_1_74' title='bbox 416 685 613 726; x_wconf 87' lang='lat' dir='ltr'>manifesto</span> <span class='ocrx_word' id='word_1_75' title='bbox 627 688 744 739; x_wconf 89' lang='lat' dir='ltr'>liquet</span> <span class='ocrx_word' id='word_1_76' title='bbox 755 699 801 726; x_wconf 78' lang='lat' dir='ltr'>ex</span> <span class='ocrx_word' id='word_1_77' title='bbox 819 699 854 738; x_wconf 93' lang='lat' dir='ltr'>p.</span> <span class='ocrx_word' id='word_1_78' title='bbox 873 699 885 723; x_wconf 92' lang='lat'>1</span> <span class='ocrx_word' id='word_1_79' title='bbox 898 699 944 738; x_wconf 81' lang='lat'>30</span> <span class='ocrx_word' id='word_1_80' title='bbox 957 685 997 724; x_wconf 87' lang='lat' dir='ltr'>E.</span> <span class='ocrx_word' id='word_1_81' title='bbox 1011 685 1220 724; x_wconf 88' lang='lat' dir='ltr'>eorundem</span> <span class='ocrx_word' id='word_1_82' title='bbox 1242 696 1322 723; x_wconf 89' lang='lat' dir='ltr'>me-</span> 
     </span>
     <span class='ocr_line' id='line_1_10' title="bbox 55 735 1319 790; baseline 0 -13"><span class='ocrx_word' id='word_1_83' title='bbox 55 738 251 778; x_wconf 85' lang='lat' dir='ltr'>minerunt</span> <span class='ocrx_word' id='word_1_84' title='bbox 272 739 310 778; x_wconf 91' lang='lat' dir='ltr'>in</span> <span class='ocrx_word' id='word_1_85' title='bbox 327 739 569 779; x_wconf 86' lang='lat' dir='ltr'>describendo</span> <span class='ocrx_word' id='word_1_86' title='bbox 597 735 736 781; x_wconf 85' lang='lat' dir='ltr'>infelici</span> <span class='ocrx_word' id='word_1_87' title='bbox 751 752 837 779; x_wconf 89' lang='lat' dir='ltr'>cum</span> <span class='ocrx_word' id='word_1_88' title='bbox 860 739 1005 778; x_wconf 79' lang='lat' dir='ltr'>Parthis</span> <span class='ocrx_word' id='word_1_89' title='bbox 1023 737 1142 779; x_wconf 84' lang='lat' dir='ltr'>Craffi</span> <span class='ocrx_word' id='word_1_90' title='bbox 1167 738 1319 790; x_wconf 86' lang='lat' dir='ltr'>proelio</span> 
     </span>
     <span class='ocr_line' id='line_1_11' title="bbox 56 790 1320 846; baseline 0 -17"><span class='ocrx_word' id='word_1_91' title='bbox 56 790 244 831; x_wconf 78' lang='lat' dir='ltr'>Plutarch.</span> <span class='ocrx_word' id='word_1_92' title='bbox 260 793 300 831; x_wconf 86' lang='lat' dir='ltr'>in</span> <span class='ocrx_word' id='word_1_93' title='bbox 313 792 430 833; x_wconf 86' lang='lat' dir='ltr'>Craff.</span> <span class='ocrx_word' id='word_1_94' title='bbox 454 808 489 846; x_wconf 90' lang='lat' dir='ltr'>p.</span> <span class='ocrx_word' id='word_1_95' title='bbox 503 808 516 844; x_wconf 85' lang='lat'>5</span> <span class='ocrx_word' id='word_1_96' title='bbox 529 794 574 846; x_wconf 90' lang='lat'>58</span> <span class='ocrx_word' id='word_1_97' title='bbox 587 824 598 841; x_wconf 86' lang='lat'><em>‚</em></span> <span class='ocrx_word' id='word_1_98' title='bbox 619 806 691 846; x_wconf 87' lang='lat'>559</span> <span class='ocrx_word' id='word_1_99' title='bbox 704 823 714 841; x_wconf 92' lang='lat'>‚</span> <span class='ocrx_word' id='word_1_100' title='bbox 731 794 771 832; x_wconf 65' lang='grc' dir='ltr'>ὃ(</span> <span class='ocrx_word' id='word_1_101' title='bbox 787 794 950 846; x_wconf 88' lang='lat' dir='ltr'>Appian.</span> <span class='ocrx_word' id='word_1_102' title='bbox 967 793 1012 830; x_wconf 90' lang='lat' dir='ltr'>de</span> <span class='ocrx_word' id='word_1_103' title='bbox 1027 793 1070 831; x_wconf 94' lang='lat' dir='ltr'>B.</span> <span class='ocrx_word' id='word_1_104' title='bbox 1091 791 1214 830; x_wconf 84' lang='lat' dir='ltr'>Parth.</span> <span class='ocrx_word' id='word_1_105' title='bbox 1229 804 1320 844; x_wconf 79' lang='lat' dir='ltr'>pag.</span> 
     </span>
     <span class='ocr_line' id='line_1_12' title="bbox 58 845 1322 900; baseline -0.002 -15"><span class='ocrx_word' id='word_1_106' title='bbox 58 858 154 893; x_wconf 89' lang='lat'>240,</span> <span class='ocrx_word' id='word_1_107' title='bbox 170 859 258 893; x_wconf 80' lang='lat'>241,</span> <span class='ocrx_word' id='word_1_108' title='bbox 274 846 340 885; x_wconf 89' lang='lat' dir='ltr'>ubi</span> <span class='ocrx_word' id='word_1_109' title='bbox 353 848 518 900; x_wconf 85' lang='lat' dir='ltr'>reperies</span> <span class='ocrx_word' id='word_1_110' title='bbox 534 847 599 886; x_wconf 81' lang='lat' dir='ltr'>ista</span> <span class='ocrx_word' id='word_1_111' title='bbox 613 848 825 887; x_wconf 84' lang='lat' dir='ltr'>Lucianeae</span> <span class='ocrx_word' id='word_1_112' title='bbox 842 845 962 899; x_wconf 78' lang='lat' dir='ltr'>phrasi</span> <span class='ocrx_word' id='word_1_113' title='bbox 976 846 1173 899; x_wconf 73' lang='lat' dir='ltr'>proxima,</span> <span class='ocrx_word' id='word_1_114' title='bbox 1190 845 1322 884; x_wconf 54' lang='lat' dir='ltr'>vasae</span> 
     </span>
     <span class='ocr_line' id='line_1_13' title="bbox 54 897 1322 952; baseline 0.001 -17"><span class='ocrx_word' id='word_1_115' title='bbox 54 897 243 951; x_wconf 57' lang='grc' dir='ltr'>ἒιαμπὰξ</span> <span class='ocrx_word' id='word_1_116' title='bbox 265 903 611 952; x_wconf 66' lang='grc' dir='ltr'>προσεληλαμένους</span> <span class='ocrx_word' id='word_1_117' title='bbox 624 905 712 952; x_wconf 62' lang='grc' dir='ltr'>πρὶς</span> <span class='ocrx_word' id='word_1_118' title='bbox 732 900 929 948; x_wconf 50' lang='grc' dir='ltr'>τοῦδαφος·</span> <span class='ocrx_word' id='word_1_119' title='bbox 943 898 1266 952; x_wconf 79' lang='lat' dir='ltr'>quemadmodum</span> <span class='ocrx_word' id='word_1_120' title='bbox 1282 899 1322 937; x_wconf 78' lang='lat' dir='ltr'>in</span> 
     </span>
     <span class='ocr_line' id='line_1_14' title="bbox 56 951 1323 1007; baseline 0.002 -18"><span class='ocrx_word' id='word_1_121' title='bbox 56 951 296 1004; x_wconf 87' lang='lat' dir='ltr'>Philopoem.</span> <span class='ocrx_word' id='word_1_122' title='bbox 310 968 346 1007; x_wconf 91' lang='lat' dir='ltr'>p.</span> <span class='ocrx_word' id='word_1_123' title='bbox 362 968 436 1007; x_wconf 83' lang='lat'>359</span> <span class='ocrx_word' id='word_1_124' title='bbox 450 955 490 994; x_wconf 91' lang='lat' dir='ltr'>B.</span> <span class='ocrx_word' id='word_1_125' title='bbox 514 954 752 994; x_wconf 67' lang='grc' dir='ltr'>«Γιελσιύνετιιι</span> <span class='ocrx_word' id='word_1_126' title='bbox 765 953 977 1005; x_wconf 48' lang='grc' dir='ltr'>διαμπερὲς</span> <span class='ocrx_word' id='word_1_127' title='bbox 994 951 1080 1002; x_wconf 73' lang='grc' dir='ltr'>ἐμοῦ</span> <span class='ocrx_word' id='word_1_128' title='bbox 1090 953 1174 991; x_wconf 73' lang='grc' dir='ltr'><em>τοὺς</em></span> <span class='ocrx_word' id='word_1_129' title='bbox 1184 952 1323 1003; x_wconf 63' lang='grc' dir='ltr'>μηροὺς</span> 
     </span>
     <span class='ocr_line' id='line_1_15' title="bbox 0 1002 1323 1060; baseline -0.001 -16"><span class='ocrx_word' id='word_1_130' title='bbox 0 1002 2 1014; x_wconf 71' lang='lat'><em>&#39;</em></span> <span class='ocrx_word' id='word_1_131' title='bbox 56 1003 252 1058; x_wconf 72' lang='grc' dir='ltr'>ἑκατέρους</span> <span class='ocrx_word' id='word_1_132' title='bbox 273 1007 565 1060; x_wconf 64' lang='grc' dir='ltr'>ἑνμεσοιγκὺλῳ·</span> <span class='ocrx_word' id='word_1_133' title='bbox 580 1007 712 1047; x_wconf 90' lang='lat' dir='ltr'>confer</span> <span class='ocrx_word' id='word_1_134' title='bbox 727 1008 879 1047; x_wconf 88' lang='lat' dir='ltr'>Suidam</span> <span class='ocrx_word' id='word_1_135' title='bbox 903 1008 939 1045; x_wconf 90' lang='lat' dir='ltr'>in</span> <span class='ocrx_word' id='word_1_136' title='bbox 963 1007 1138 1058; x_wconf 76' lang='grc' dir='ltr'>Ἐξέσχε.</span> <span class='ocrx_word' id='word_1_137' title='bbox 1160 1007 1323 1044; x_wconf 73' lang='lat' dir='ltr'>Pondem</span> 
     </span>
     <span class='ocr_line' id='line_1_16' title="bbox 0 1059 1324 1113; baseline 0 -16"><span class='ocrx_word' id='word_1_138' title='bbox 0 1061 1 1069; x_wconf 63' lang='lat'>¹</span> <span class='ocrx_word' id='word_1_139' title='bbox 56 1060 147 1098; x_wconf 81' lang='lat' dir='ltr'>conti</span> <span class='ocrx_word' id='word_1_140' title='bbox 162 1061 344 1100; x_wconf 75' lang='lat' dir='ltr'>Sarmatici</span> <span class='ocrx_word' id='word_1_141' title='bbox 359 1061 469 1102; x_wconf 88' lang='lat' dir='ltr'>Silius</span> <span class='ocrx_word' id='word_1_142' title='bbox 487 1061 603 1101; x_wconf 85' lang='lat' dir='ltr'>habet</span> <span class='ocrx_word' id='word_1_143' title='bbox 628 1062 721 1108; x_wconf 82' lang='lat' dir='ltr'>XV,</span> <span class='ocrx_word' id='word_1_144' title='bbox 741 1061 834 1111; x_wconf 86' lang='lat'><em>687,</em></span> <span class='ocrx_word' id='word_1_145' title='bbox 855 1061 922 1100; x_wconf 87' lang='lat' dir='ltr'>ubi</span> <span class='ocrx_word' id='word_1_146' title='bbox 943 1060 1049 1113; x_wconf 90' lang='lat' dir='ltr'>plura</span> <span class='ocrx_word' id='word_1_147' title='bbox 1068 1059 1324 1112; x_wconf 84' lang='lat' dir='ltr'>suppeditabit</span> 
     </span>
     <span class='ocr_line' id='line_1_17' title="bbox 0 1112 1323 1168; baseline 0 -17"><span class='ocrx_word' id='word_1_148' title='bbox 0 1112 1 1117; x_wconf 75' lang='grc'>’</span> <span class='ocrx_word' id='word_1_149' title='bbox 55 1113 235 1153; x_wconf 81' lang='lat' dir='ltr'>eruditiff.</span> <span class='ocrx_word' id='word_1_150' title='bbox 251 1114 692 1155; x_wconf 85' lang='lat' dir='ltr'>Drakenborch.Talem</span> <span class='ocrx_word' id='word_1_151' title='bbox 715 1117 888 1168; x_wconf 88' lang='lat' dir='ltr'>equitum</span> <span class='ocrx_word' id='word_1_152' title='bbox 909 1124 1090 1153; x_wconf 87' lang='lat' dir='ltr'>ornatum</span> <span class='ocrx_word' id='word_1_153' title='bbox 1107 1114 1323 1166; x_wconf 81' lang='lat' dir='ltr'>pugnandi-</span> 
     </span>
     <span class='ocr_line' id='line_1_18' title="bbox 55 1166 1324 1223; baseline -0.001 -17"><span class='ocrx_word' id='word_1_154' title='bbox 55 1180 134 1220; x_wconf 89' lang='lat' dir='ltr'>que</span> <span class='ocrx_word' id='word_1_155' title='bbox 150 1180 295 1207; x_wconf 90' lang='lat' dir='ltr'>morem</span> <span class='ocrx_word' id='word_1_156' title='bbox 311 1167 380 1208; x_wconf 92' lang='lat' dir='ltr'>usu</span> <span class='ocrx_word' id='word_1_157' title='bbox 395 1169 496 1209; x_wconf 64' lang='lat' dir='ltr'>doeti</span> <span class='ocrx_word' id='word_1_158' title='bbox 508 1169 746 1209; x_wconf 87' lang='lat' dir='ltr'>adsciverunt</span> <span class='ocrx_word' id='word_1_159' title='bbox 767 1168 898 1223; x_wconf 78' lang='lat' dir='ltr'>postea</span> <span class='ocrx_word' id='word_1_160' title='bbox 912 1168 1102 1216; x_wconf 83' lang='lat' dir='ltr'>Romani,</span> <span class='ocrx_word' id='word_1_161' title='bbox 1119 1180 1159 1207; x_wconf 89' lang='lat' dir='ltr'>ut</span> <span class='ocrx_word' id='word_1_162' title='bbox 1175 1166 1324 1207; x_wconf 81' lang='lat' dir='ltr'>confiat</span> 
     </span>
     <span class='ocr_line' id='line_1_19' title="bbox 56 1221 841 1275; baseline 0.005 -16"><span class='ocrx_word' id='word_1_163' title='bbox 56 1233 105 1260; x_wconf 84' lang='lat' dir='ltr'>ex</span> <span class='ocrx_word' id='word_1_164' title='bbox 117 1221 269 1275; x_wconf 76' lang='lat' dir='ltr'>Arriani</span> <span class='ocrx_word' id='word_1_165' title='bbox 281 1222 456 1263; x_wconf 72' lang='lat' dir='ltr'>Tafficis.</span> <span class='ocrx_word' id='word_1_166' title='bbox 472 1224 637 1262; x_wconf 70' lang='lat' dir='ltr'>Htmsr.</span> <span class='ocrx_word' id='word_1_167' title='bbox 822 1246 825 1249; x_wconf 95' lang='lat'><em>-</em></span> <span class='ocrx_word' id='word_1_168' title='bbox 838 1244 841 1246; x_wconf 97' lang='lat'>·</span> 
     </span>
    </p>

    <p class='ocr_par' dir='ltr' id='par_1_4' title="bbox 56 1271 1326 1489">
     <span class='ocr_line' id='line_1_20' title="bbox 109 1271 1326 1329; baseline 0 -17"><span class='ocrx_word' id='word_1_169' title='bbox 109 1275 188 1314; x_wconf 77' lang='lat' dir='ltr'>ibid.</span> <span class='ocrx_word' id='word_1_170' title='bbox 202 1271 318 1315; x_wconf 70' lang='grc' dir='ltr'><em>Οὗτος</em></span> <span class='ocrx_word' id='word_1_171' title='bbox 330 1276 375 1315; x_wconf 54' lang='grc' dir='ltr'>ἑὲ</span> <span class='ocrx_word' id='word_1_172' title='bbox 390 1273 533 1316; x_wconf 68' lang='grc' dir='ltr'><em>ὑποθεὶς</em></span> <span class='ocrx_word' id='word_1_173' title='bbox 546 1279 609 1316; x_wconf 58' lang='grc' dir='ltr'>τὴν</span> <span class='ocrx_word' id='word_1_174' title='bbox 624 1276 834 1329; x_wconf 69' lang='grc' dir='ltr'>σάρισσαν)</span> <span class='ocrx_word' id='word_1_175' title='bbox 849 1276 1077 1328; x_wconf 83' lang='lat' dir='ltr'>Cogitabam</span> <span class='ocrx_word' id='word_1_176' title='bbox 1095 1276 1187 1314; x_wconf 85' lang='lat' dir='ltr'>olim</span> <span class='ocrx_word' id='word_1_177' title='bbox 1204 1272 1326 1314; x_wconf 68' lang='grc' dir='ltr'><em>οὕτως</em></span> 
     </span>
     <span class='ocr_line' id='line_1_21' title="bbox 56 1324 1322 1382; baseline 0.001 -17"><span class='ocrx_word' id='word_1_178' title='bbox 56 1326 102 1366; x_wconf 57' lang='grc' dir='ltr'>δὲ</span> <span class='ocrx_word' id='word_1_179' title='bbox 115 1324 258 1369; x_wconf 69' lang='grc' dir='ltr'><em>ὑποθεὶς</em></span> <span class='ocrx_word' id='word_1_180' title='bbox 268 1330 332 1370; x_wconf 76' lang='grc' dir='ltr'>τὴν</span> <span class='ocrx_word' id='word_1_181' title='bbox 345 1331 528 1381; x_wconf 80' lang='grc' dir='ltr'>σάρισσαν</span> <span class='ocrx_word' id='word_1_182' title='bbox 541 1327 652 1370; x_wconf 71' lang='grc' dir='ltr'><strong><em>αὐτόν</em></strong></span> <span class='ocrx_word' id='word_1_183' title='bbox 663 1345 704 1369; x_wconf 74' lang='grc' dir='ltr'>τε</span> <span class='ocrx_word' id='word_1_184' title='bbox 715 1330 898 1382; x_wconf 53' lang='grc' dir='ltr'>ἓιοιπείρει</span> <span class='ocrx_word' id='word_1_185' title='bbox 912 1330 973 1368; x_wconf 65' lang='grc' dir='ltr'>καὶ</span> <span class='ocrx_word' id='word_1_186' title='bbox 986 1332 1048 1368; x_wconf 70' lang='grc' dir='ltr'>τον</span> <span class='ocrx_word' id='word_1_187' title='bbox 1061 1327 1197 1375; x_wconf 73' lang='grc' dir='ltr'><em>ἵππον,</em></span> <span class='ocrx_word' id='word_1_188' title='bbox 1201 1332 1254 1381; x_wconf 87' lang='lat' dir='ltr'>fic</span> <span class='ocrx_word' id='word_1_189' title='bbox 1265 1345 1322 1366; x_wconf 74' lang='lat' dir='ltr'>vc-</span> 
     </span>
     <span class='ocr_line' id='line_1_22' title="bbox 57 1382 1324 1438; baseline 0.002 -18"><span class='ocrx_word' id='word_1_190' title='bbox 57 1396 96 1420; x_wconf 83' lang='lat' dir='ltr'>ro</span> <span class='ocrx_word' id='word_1_191' title='bbox 103 1383 252 1433; x_wconf 63' lang='lat' dir='ltr'>subieaa</span> <span class='ocrx_word' id='word_1_192' title='bbox 261 1384 389 1436; x_wconf 80' lang='lat' dir='ltr'>fim‘ffa</span> <span class='ocrx_word' id='word_1_193' title='bbox 403 1384 512 1436; x_wconf 84' lang='lat' dir='ltr'>ipsum</span> <span class='ocrx_word' id='word_1_194' title='bbox 526 1386 560 1423; x_wconf 58' lang='grc' dir='ltr'>δ’</span> <span class='ocrx_word' id='word_1_195' title='bbox 574 1400 690 1438; x_wconf 84' lang='lat' dir='ltr'>equum</span> <span class='ocrx_word' id='word_1_196' title='bbox 706 1384 873 1436; x_wconf 75' lang='lat' dir='ltr'>perfodit.-</span> <span class='ocrx_word' id='word_1_197' title='bbox 887 1382 947 1422; x_wconf 89' lang='lat' dir='ltr'>sed</span> <span class='ocrx_word' id='word_1_198' title='bbox 962 1396 1066 1423; x_wconf 88' lang='lat' dir='ltr'>nunc</span> <span class='ocrx_word' id='word_1_199' title='bbox 1079 1384 1324 1423; x_wconf 71' lang='lat' dir='ltr'>coniecturae</span> 
     </span>
     <span class='ocr_line' id='line_1_23' title="bbox 58 1435 1070 1489; baseline 0.003 -15"><span class='ocrx_word' id='word_1_200' title='bbox 58 1435 235 1489; x_wconf 79' lang='lat' dir='ltr'>praefero</span> <span class='ocrx_word' id='word_1_201' title='bbox 248 1437 451 1478; x_wconf 60' lang='lat' dir='ltr'>lectionem</span> <span class='ocrx_word' id='word_1_202' title='bbox 466 1438 536 1478; x_wconf 87' lang='lat' dir='ltr'>Ms.</span> <span class='ocrx_word' id='word_1_203' title='bbox 550 1438 664 1478; x_wconf 67' lang='grc' dir='ltr'><strong><em>αὐτὸς</em></strong></span> <span class='ocrx_word' id='word_1_204' title='bbox 675 1438 718 1477; x_wconf 63' lang='grc' dir='ltr'>Σὲ</span> <span class='ocrx_word' id='word_1_205' title='bbox 732 1436 884 1477; x_wconf 50' lang='lat' dir='ltr'>&amp;wesin</span> <span class='ocrx_word' id='word_1_206' title='bbox 895 1437 1070 1477; x_wconf 69' lang='lat' dir='ltr'>GRAizv.</span> 
     </span>
    </p>

    <p class='ocr_par' dir='ltr' id='par_1_5' title="bbox 57 1490 1324 1598">
     <span class='ocr_line' id='line_1_24' title="bbox 111 1490 1324 1546; baseline 0.002 -18"><span class='ocrx_word' id='word_1_207' title='bbox 111 1491 190 1530; x_wconf 75' lang='lat' dir='ltr'>ibid.</span> <span class='ocrx_word' id='word_1_208' title='bbox 203 1491 416 1546; x_wconf 72' lang='grc' dir='ltr'>Σάρισσοιν)</span> <span class='ocrx_word' id='word_1_209' title='bbox 431 1493 595 1546; x_wconf 76' lang='lat' dir='ltr'>Sariffam</span> <span class='ocrx_word' id='word_1_210' title='bbox 606 1503 724 1532; x_wconf 88' lang='lat' dir='ltr'>vocat</span> <span class='ocrx_word' id='word_1_211' title='bbox 734 1493 847 1531; x_wconf 78' lang='lat' dir='ltr'>etiam</span> <span class='ocrx_word' id='word_1_212' title='bbox 859 1492 992 1535; x_wconf 54' lang='lat' dir='ltr'>Lagine</span> <span class='ocrx_word' id='word_1_213' title='bbox 1006 1492 1090 1532; x_wconf 80' lang='lat' dir='ltr'>Liv.</span> <span class='ocrx_word' id='word_1_214' title='bbox 1101 1490 1324 1540; x_wconf 40' lang='lat' dir='ltr'>XXXVII.</span> 
     </span>
     <span class='ocr_line' id='line_1_25' title="bbox 57 1545 698 1598; baseline 0.005 -16"><span class='ocrx_word' id='word_1_215' title='bbox 57 1557 108 1593; x_wconf 86' lang='lat'>42</span> <span class='ocrx_word' id='word_1_216' title='bbox 118 1574 131 1590; x_wconf 86' lang='lat'>,</span> <span class='ocrx_word' id='word_1_217' title='bbox 146 1559 166 1583; x_wconf 89' lang='lat'>2</span> <span class='ocrx_word' id='word_1_218' title='bbox 177 1575 188 1593; x_wconf 91' lang='lat'>,</span> <span class='ocrx_word' id='word_1_219' title='bbox 203 1545 244 1585; x_wconf 84' lang='lat'>&amp;</span> <span class='ocrx_word' id='word_1_220' title='bbox 255 1546 524 1598; x_wconf 76' lang='lat' dir='ltr'>Sariſjbphoros.</span> <span class='ocrx_word' id='word_1_221' title='bbox 539 1547 698 1587; x_wconf 78' lang='lat' dir='ltr'>SOLAN.</span> 
     </span>
    </p>

    <p class='ocr_par' dir='ltr' id='par_1_6' title="bbox 113 1598 1327 1654">
     <span class='ocr_line' id='line_1_26' title="bbox 113 1598 1327 1654; baseline 0.002 -19"><span class='ocrx_word' id='word_1_222' title='bbox 113 1599 203 1645; x_wconf 60' lang='lat' dir='ltr'>Patr.</span> <span class='ocrx_word' id='word_1_223' title='bbox 222 1614 268 1638; x_wconf 87' lang='lat'>22</span> <span class='ocrx_word' id='word_1_224' title='bbox 279 1613 309 1651; x_wconf 88' lang='lat'>5.</span> <span class='ocrx_word' id='word_1_225' title='bbox 323 1603 347 1638; x_wconf 92' lang='lat' dir='ltr'>l.</span> <span class='ocrx_word' id='word_1_226' title='bbox 365 1615 400 1639; x_wconf 88' lang='lat'>2.</span> <span class='ocrx_word' id='word_1_227' title='bbox 415 1600 680 1654; x_wconf 71' lang='grc' dir='ltr'>Εἰκοσάπηχυν</span> <span class='ocrx_word' id='word_1_228' title='bbox 695 1622 740 1630; x_wconf 88' lang='lat'>—</span> <span class='ocrx_word' id='word_1_229' title='bbox 757 1599 895 1652; x_wconf 63' lang='grc' dir='ltr'>κοντον)</span> <span class='ocrx_word' id='word_1_230' title='bbox 909 1599 1163 1652; x_wconf 82' lang='lat' dir='ltr'>Longioribus</span> <span class='ocrx_word' id='word_1_231' title='bbox 1179 1598 1327 1652; x_wconf 85' lang='lat' dir='ltr'>equites</span> 
     </span>
    </p>
   </div>
   <div class='ocr_carea' id='block_1_3' title="bbox 57 1643 1414 1707">
    <p class='ocr_par' dir='ltr' id='par_1_7' title="bbox 57 1643 1414 1707">
     <span class='ocr_line' id='line_1_27' title="bbox 57 1643 1414 1707; baseline -0.002 -15"><span class='ocrx_word' id='word_1_232' title='bbox 57 1650 146 1692; x_wconf 87' lang='lat' dir='ltr'>usos</span> <span class='ocrx_word' id='word_1_233' title='bbox 159 1643 235 1693; x_wconf 68' lang='lat' dir='ltr'>&#39;effe</span> <span class='ocrx_word' id='word_1_234' title='bbox 258 1653 368 1694; x_wconf 87' lang='lat' dir='ltr'>hastis</span> <span class='ocrx_word' id='word_1_235' title='bbox 388 1667 466 1693; x_wconf 90' lang='lat' dir='ltr'>non</span> <span class='ocrx_word' id='word_1_236' title='bbox 487 1655 626 1707; x_wconf 88' lang='lat' dir='ltr'>ignoro</span> <span class='ocrx_word' id='word_1_237' title='bbox 637 1684 647 1702; x_wconf 89' lang='lat'>,</span> <span class='ocrx_word' id='word_1_238' title='bbox 663 1654 768 1706; x_wconf 91' lang='lat' dir='ltr'>quod</span> <span class='ocrx_word' id='word_1_239' title='bbox 784 1655 826 1693; x_wconf 82' lang='lat'>&amp;</span> <span class='ocrx_word' id='word_1_240' title='bbox 840 1655 986 1692; x_wconf 90' lang='lat' dir='ltr'>nummi</span> <span class='ocrx_word' id='word_1_241' title='bbox 1000 1654 1168 1693; x_wconf 83' lang='lat' dir='ltr'>Castoris</span> <span class='ocrx_word' id='word_1_242' title='bbox 1183 1655 1221 1692; x_wconf 76' lang='grc' dir='ltr'>δι</span> <span class='ocrx_word' id='word_1_243' title='bbox 1238 1653 1326 1692; x_wconf 85' lang='lat' dir='ltr'>Pol-</span> <span class='ocrx_word' id='word_1_244' title='bbox 1392 1696 1394 1698; x_wconf 23' lang='lat'>¹</span> <span class='ocrx_word' id='word_1_245' title='bbox 1410 1686 1414 1689; x_wconf 89' lang='lat'>.</span> 
     </span>
    </p>
   </div>
   <div class='ocr_carea' id='block_1_4' title="bbox 4 1706 1332 2572">
    <p class='ocr_par' dir='ltr' id='par_1_8' title="bbox 4 1706 1329 1921">
     <span class='ocr_line' id='line_1_28' title="bbox 4 1706 1326 1761; baseline -0.001 -15"><span class='ocrx_word' id='word_1_246' title='bbox 4 1740 8 1741; x_wconf 46' lang='lat'>.</span> <span class='ocrx_word' id='word_1_247' title='bbox 56 1706 153 1746; x_wconf 90' lang='lat' dir='ltr'>lucis</span> <span class='ocrx_word' id='word_1_248' title='bbox 173 1706 397 1754; x_wconf 78' lang='lat' dir='ltr'>ostendunt,</span> <span class='ocrx_word' id='word_1_249' title='bbox 413 1708 454 1747; x_wconf 89' lang='lat'>&amp;</span> <span class='ocrx_word' id='word_1_250' title='bbox 472 1708 581 1748; x_wconf 89' lang='lat' dir='ltr'>locus</span> <span class='ocrx_word' id='word_1_251' title='bbox 597 1722 619 1747; x_wconf 89' lang='lat' dir='ltr'>a</span> <span class='ocrx_word' id='word_1_252' title='bbox 641 1708 754 1748; x_wconf 89' lang='lat' dir='ltr'>Suida</span> <span class='ocrx_word' id='word_1_253' title='bbox 776 1721 813 1747; x_wconf 88' lang='lat' dir='ltr'>v.</span> <span class='ocrx_word' id='word_1_254' title='bbox 832 1708 963 1761; x_wconf 71' lang='grc' dir='ltr'>Δόλιχ</span> <span class='ocrx_word' id='word_1_255' title='bbox 966 1723 998 1747; x_wconf 84' lang='grc' dir='ltr'>ον</span> <span class='ocrx_word' id='word_1_256' title='bbox 1013 1708 1326 1747; x_wconf 88' lang='lat' dir='ltr'>allatus.Verum</span> 
     </span>
     <span class='ocr_line' id='line_1_29' title="bbox 57 1760 1326 1813; baseline 0.001 -14"><span class='ocrx_word' id='word_1_257' title='bbox 57 1760 174 1812; x_wconf 85' lang='lat' dir='ltr'>longe</span> <span class='ocrx_word' id='word_1_258' title='bbox 191 1761 396 1801; x_wconf 87' lang='lat' dir='ltr'>humanam</span> <span class='ocrx_word' id='word_1_259' title='bbox 418 1762 630 1802; x_wconf 89' lang='lat' dir='ltr'>mensuram</span> <span class='ocrx_word' id='word_1_260' title='bbox 650 1762 743 1801; x_wconf 87' lang='lat' dir='ltr'>haec</span> <span class='ocrx_word' id='word_1_261' title='bbox 767 1761 923 1801; x_wconf 85' lang='lat' dir='ltr'>excedit.</span> <span class='ocrx_word' id='word_1_262' title='bbox 947 1762 1063 1813; x_wconf 91' lang='lat' dir='ltr'>Apud</span> <span class='ocrx_word' id='word_1_263' title='bbox 1083 1761 1326 1813; x_wconf 86' lang='lat' dir='ltr'>Polyaenum</span> 
     </span>
     <span class='ocr_line' id='line_1_30' title="bbox 57 1814 1329 1867; baseline -0.001 -13"><span class='ocrx_word' id='word_1_264' title='bbox 57 1814 172 1854; x_wconf 88' lang='lat' dir='ltr'>Strat.</span> <span class='ocrx_word' id='word_1_265' title='bbox 188 1815 240 1862; x_wconf 82' lang='grc' dir='ltr'>ΙΙ,</span> <span class='ocrx_word' id='word_1_266' title='bbox 255 1829 290 1867; x_wconf 93' lang='lat' dir='ltr'>p.</span> <span class='ocrx_word' id='word_1_267' title='bbox 309 1815 443 1864; x_wconf 67' lang='lat' dir='ltr'>146„C.</span> <span class='ocrx_word' id='word_1_268' title='bbox 461 1828 588 1856; x_wconf 90' lang='lat' dir='ltr'>tamen</span> <span class='ocrx_word' id='word_1_269' title='bbox 609 1827 873 1856; x_wconf 84' lang='lat' dir='ltr'>memorantur</span> <span class='ocrx_word' id='word_1_270' title='bbox 891 1814 1034 1855; x_wconf 83' lang='lat' dir='ltr'>sarissae</span> <span class='ocrx_word' id='word_1_271' title='bbox 1052 1816 1149 1856; x_wconf 91' lang='lat' dir='ltr'>XVI</span> <span class='ocrx_word' id='word_1_272' title='bbox 1169 1816 1329 1855; x_wconf 85' lang='lat' dir='ltr'>cubitos</span> 
     </span>
     <span class='ocr_line' id='line_1_31' title="bbox 57 1868 378 1921; baseline 0.003 -13"><span class='ocrx_word' id='word_1_273' title='bbox 57 1868 207 1921; x_wconf 84' lang='lat' dir='ltr'>longae.</span> <span class='ocrx_word' id='word_1_274' title='bbox 220 1869 378 1909; x_wconf 80' lang='lat' dir='ltr'>SOLAN.</span> 
     </span>
    </p>

    <p class='ocr_par' dir='ltr' id='par_1_9' title="bbox 58 1922 1332 2572">
     <span class='ocr_line' id='line_1_32' title="bbox 114 1922 1330 1977; baseline 0.002 -17"><span class='ocrx_word' id='word_1_275' title='bbox 114 1925 187 1961; x_wconf 83' lang='lat' dir='ltr'>ead.</span> <span class='ocrx_word' id='word_1_276' title='bbox 198 1924 222 1962; x_wconf 84' lang='lat' dir='ltr'>l.</span> <span class='ocrx_word' id='word_1_277' title='bbox 231 1936 244 1960; x_wconf 87' lang='lat'>1</span> <span class='ocrx_word' id='word_1_278' title='bbox 258 1923 330 1961; x_wconf 90' lang='lat' dir='ltr'>1.‘O</span> <span class='ocrx_word' id='word_1_279' title='bbox 341 1922 388 1962; x_wconf 56' lang='grc' dir='ltr'>ἒέ</span> <span class='ocrx_word' id='word_1_280' title='bbox 397 1923 616 1977; x_wconf 68' lang='grc' dir='ltr'>’γεὈροίτης</span> <span class='ocrx_word' id='word_1_281' title='bbox 631 1923 646 1962; x_wconf 82' lang='grc' dir='ltr'>ὃ</span> <span class='ocrx_word' id='word_1_282' title='bbox 662 1922 958 1976; x_wconf 62' lang='lat' dir='ltr'>istc-5⁷²15)Angl.</span> <span class='ocrx_word' id='word_1_283' title='bbox 967 1922 1138 1973; x_wconf 55' lang='grc' dir='ltr'>Ἡρώδης.</span> <span class='ocrx_word' id='word_1_284' title='bbox 1152 1923 1330 1962; x_wconf 84' lang='lat' dir='ltr'>BOURD.</span> 
     </span>
     <span class='ocr_line' id='line_1_33' title="bbox 58 1975 1326 2030; baseline -0.001 -14"><span class='ocrx_word' id='word_1_285' title='bbox 58 1975 124 2016; x_wconf 88' lang='lat' dir='ltr'>De</span> <span class='ocrx_word' id='word_1_286' title='bbox 143 1976 292 2016; x_wconf 90' lang='lat' dir='ltr'>Oroete</span> <span class='ocrx_word' id='word_1_287' title='bbox 307 1976 477 2030; x_wconf 83' lang='lat' dir='ltr'>satrapa,</span> <span class='ocrx_word' id='word_1_288' title='bbox 499 1979 566 2030; x_wconf 87' lang='lat' dir='ltr'>qui</span> <span class='ocrx_word' id='word_1_289' title='bbox 585 1978 830 2030; x_wconf 88' lang='lat' dir='ltr'>Polycratem</span> <span class='ocrx_word' id='word_1_290' title='bbox 847 1978 953 2016; x_wconf 88' lang='lat' dir='ltr'>cruci</span> <span class='ocrx_word' id='word_1_291' title='bbox 971 1978 1110 2022; x_wconf 73' lang='lat' dir='ltr'>affixit,</span> <span class='ocrx_word' id='word_1_292' title='bbox 1128 1976 1266 2016; x_wconf 88' lang='lat' dir='ltr'>Noster</span> <span class='ocrx_word' id='word_1_293' title='bbox 1285 1978 1326 2015; x_wconf 85' lang='lat' dir='ltr'>in</span> 
     </span>
     <span class='ocr_line' id='line_1_34' title="bbox 59 2029 1327 2084; baseline 0.001 -16"><span class='ocrx_word' id='word_1_294' title='bbox 59 2031 209 2070; x_wconf 73' lang='grc' dir='ltr'>Ἐπισκ.</span> <span class='ocrx_word' id='word_1_295' title='bbox 223 2044 304 2083; x_wconf 91' lang='lat' dir='ltr'>cap.</span> <span class='ocrx_word' id='word_1_296' title='bbox 321 2045 367 2079; x_wconf 85' lang='lat'>14</span> <span class='ocrx_word' id='word_1_297' title='bbox 378 2062 389 2079; x_wconf 93' lang='lat'>,</span> <span class='ocrx_word' id='word_1_298' title='bbox 407 2032 453 2071; x_wconf 91' lang='lat' dir='ltr'>de</span> <span class='ocrx_word' id='word_1_299' title='bbox 472 2045 552 2084; x_wconf 90' lang='lat' dir='ltr'>quo</span> <span class='ocrx_word' id='word_1_300' title='bbox 567 2032 813 2071; x_wconf 88' lang='lat' dir='ltr'>Herodotum</span> <span class='ocrx_word' id='word_1_301' title='bbox 828 2031 985 2070; x_wconf 81' lang='lat' dir='ltr'>consule</span> <span class='ocrx_word' id='word_1_302' title='bbox 1004 2031 1076 2078; x_wconf 88' lang='lat'>111,</span> <span class='ocrx_word' id='word_1_303' title='bbox 1092 2045 1176 2084; x_wconf 81' lang='lat'>130.</span> <span class='ocrx_word' id='word_1_304' title='bbox 1195 2054 1239 2060; x_wconf 97' lang='lat'><strong>—</strong></span> <span class='ocrx_word' id='word_1_305' title='bbox 1254 2029 1327 2070; x_wconf 89' lang='lat' dir='ltr'>Sed</span> 
     </span>
     <span class='ocr_line' id='line_1_35' title="bbox 59 2083 1326 2139; baseline 0 -16"><span class='ocrx_word' id='word_1_306' title='bbox 59 2085 145 2136; x_wconf 85' lang='lat' dir='ltr'>quis</span> <span class='ocrx_word' id='word_1_307' title='bbox 154 2084 217 2125; x_wconf 91' lang='lat' dir='ltr'>hic</span> <span class='ocrx_word' id='word_1_308' title='bbox 227 2083 271 2124; x_wconf 88' lang='lat' dir='ltr'>fit</span> <span class='ocrx_word' id='word_1_309' title='bbox 282 2085 469 2139; x_wconf 82' lang='lat' dir='ltr'>privatus,</span> <span class='ocrx_word' id='word_1_310' title='bbox 481 2086 581 2125; x_wconf 87' lang='lat' dir='ltr'>haud</span> <span class='ocrx_word' id='word_1_311' title='bbox 592 2084 705 2125; x_wconf 88' lang='lat' dir='ltr'>facile</span> <span class='ocrx_word' id='word_1_312' title='bbox 716 2084 968 2138; x_wconf 86' lang='lat' dir='ltr'>expiscabere.</span> <span class='ocrx_word' id='word_1_313' title='bbox 981 2084 1068 2124; x_wconf 88' lang='lat' dir='ltr'>Post</span> <span class='ocrx_word' id='word_1_314' title='bbox 1078 2098 1208 2124; x_wconf 85' lang='lat' dir='ltr'>necem</span> <span class='ocrx_word' id='word_1_315' title='bbox 1222 2086 1326 2124; x_wconf 88' lang='lat' dir='ltr'>enim</span> 
     </span>
     <span class='ocr_line' id='line_1_36' title="bbox 60 2137 1327 2192; baseline 0.001 -15"><span class='ocrx_word' id='word_1_316' title='bbox 60 2137 295 2190; x_wconf 88' lang='lat' dir='ltr'>Polycratis,</span> <span class='ocrx_word' id='word_1_317' title='bbox 312 2152 399 2178; x_wconf 91' lang='lat' dir='ltr'>cum</span> <span class='ocrx_word' id='word_1_318' title='bbox 414 2139 642 2192; x_wconf 86' lang='lat' dir='ltr'>aliquamdiu</span> <span class='ocrx_word' id='word_1_319' title='bbox 656 2139 823 2179; x_wconf 85' lang='lat' dir='ltr'>Oroetes</span> <span class='ocrx_word' id='word_1_320' title='bbox 838 2138 926 2178; x_wconf 84' lang='lat' dir='ltr'>satis</span> <span class='ocrx_word' id='word_1_321' title='bbox 940 2138 1116 2192; x_wconf 78' lang='lat' dir='ltr'>prospera</span> <span class='ocrx_word' id='word_1_322' title='bbox 1131 2138 1219 2179; x_wconf 86' lang='lat' dir='ltr'>usus</span> <span class='ocrx_word' id='word_1_323' title='bbox 1235 2138 1327 2178; x_wconf 79' lang='lat' dir='ltr'>esset</span> 
     </span>
     <span class='ocr_line' id='line_1_37' title="bbox 59 2190 1328 2246; baseline 0 -15"><span class='ocrx_word' id='word_1_324' title='bbox 59 2190 216 2232; x_wconf 84' lang='lat' dir='ltr'>fortuna</span> <span class='ocrx_word' id='word_1_325' title='bbox 231 2191 299 2232; x_wconf 89' lang='lat' dir='ltr'>sub</span> <span class='ocrx_word' id='word_1_326' title='bbox 311 2193 451 2245; x_wconf 84' lang='lat' dir='ltr'>magis,</span> <span class='ocrx_word' id='word_1_327' title='bbox 466 2193 592 2233; x_wconf 87' lang='lat' dir='ltr'>Dario</span> <span class='ocrx_word' id='word_1_328' title='bbox 606 2194 679 2233; x_wconf 87' lang='lat' dir='ltr'>iam</span> <span class='ocrx_word' id='word_1_329' title='bbox 694 2196 926 2246; x_wconf 88' lang='lat' dir='ltr'>imperante,</span> <span class='ocrx_word' id='word_1_330' title='bbox 943 2206 1009 2246; x_wconf 89' lang='lat' dir='ltr'>per</span> <span class='ocrx_word' id='word_1_331' title='bbox 1025 2194 1203 2246; x_wconf 86' lang='lat' dir='ltr'>proprios</span> <span class='ocrx_word' id='word_1_332' title='bbox 1217 2193 1328 2232; x_wconf 88' lang='lat' dir='ltr'>satel-</span> 
     </span>
     <span class='ocr_line' id='line_1_38' title="bbox 58 2246 1327 2301; baseline 0 -15"><span class='ocrx_word' id='word_1_333' title='bbox 58 2246 145 2286; x_wconf 88' lang='lat' dir='ltr'>lites</span> <span class='ocrx_word' id='word_1_334' title='bbox 165 2246 310 2287; x_wconf 88' lang='lat' dir='ltr'>occisus</span> <span class='ocrx_word' id='word_1_335' title='bbox 329 2246 394 2286; x_wconf 88' lang='lat' dir='ltr'>est.</span> <span class='ocrx_word' id='word_1_336' title='bbox 412 2247 474 2287; x_wconf 90' lang='lat' dir='ltr'>De</span> <span class='ocrx_word' id='word_1_337' title='bbox 491 2247 566 2287; x_wconf 87' lang='lat' dir='ltr'>alio</span> <span class='ocrx_word' id='word_1_338' title='bbox 581 2248 710 2301; x_wconf 88' lang='lat' dir='ltr'>itaque</span> <span class='ocrx_word' id='word_1_339' title='bbox 729 2248 792 2286; x_wconf 90' lang='lat' dir='ltr'>hic</span> <span class='ocrx_word' id='word_1_340' title='bbox 809 2248 1009 2287; x_wconf 86' lang='lat' dir='ltr'>Lucianus.</span> <span class='ocrx_word' id='word_1_341' title='bbox 1031 2248 1101 2286; x_wconf 85' lang='lat' dir='ltr'>Sed</span> <span class='ocrx_word' id='word_1_342' title='bbox 1116 2260 1196 2300; x_wconf 91' lang='lat' dir='ltr'>quo</span> <span class='ocrx_word' id='word_1_343' title='bbox 1212 2246 1327 2300; x_wconf 68' lang='grc' dir='ltr'>ρῑιξὶο</span> 
     </span>
     <span class='ocr_line' id='line_1_39' title="bbox 59 2299 1328 2354; baseline 0 -15"><span class='ocrx_word' id='word_1_344' title='bbox 59 2299 226 2346; x_wconf 57' lang='grc' dir='ltr'>ἰὲιώτης,</span> <span class='ocrx_word' id='word_1_345' title='bbox 246 2302 311 2354; x_wconf 89' lang='lat' dir='ltr'>qui</span> <span class='ocrx_word' id='word_1_346' title='bbox 332 2300 444 2352; x_wconf 87' lang='lat' dir='ltr'>supra</span> <span class='ocrx_word' id='word_1_347' title='bbox 466 2302 673 2342; x_wconf 86' lang='lat' dir='ltr'>Armenius</span> <span class='ocrx_word' id='word_1_348' title='bbox 698 2301 819 2341; x_wconf 63' lang='lat' dir='ltr'>dictus</span> <span class='ocrx_word' id='word_1_349' title='bbox 837 2301 890 2341; x_wconf 88' lang='lat' dir='ltr'>est</span> <span class='ocrx_word' id='word_1_350' title='bbox 903 2331 912 2346; x_wconf 79' lang='grc'><em>,</em></span> <span class='ocrx_word' id='word_1_351' title='bbox 932 2301 1007 2340; x_wconf 87' lang='lat' dir='ltr'>hoc</span> <span class='ocrx_word' id='word_1_352' title='bbox 1023 2301 1074 2341; x_wconf 87' lang='lat' dir='ltr'>est</span> <span class='ocrx_word' id='word_1_353' title='bbox 1087 2332 1098 2347; x_wconf 89' lang='lat'>‚</span> <span class='ocrx_word' id='word_1_354' title='bbox 1121 2302 1328 2340; x_wconf 83' lang='lat' dir='ltr'>Armeniae</span> 
     </span>
     <span class='ocr_line' id='line_1_40' title="bbox 59 2354 1330 2407; baseline 0 -14"><span class='ocrx_word' id='word_1_355' title='bbox 59 2368 129 2394; x_wconf 88' lang='lat' dir='ltr'>rex</span> <span class='ocrx_word' id='word_1_356' title='bbox 142 2365 208 2407; x_wconf 83' lang='lat' dir='ltr'>aut</span> <span class='ocrx_word' id='word_1_357' title='bbox 223 2354 388 2406; x_wconf 84' lang='lat' dir='ltr'>satrapa?</span> <span class='ocrx_word' id='word_1_358' title='bbox 405 2355 648 2407; x_wconf 87' lang='lat' dir='ltr'>Corruptum</span> <span class='ocrx_word' id='word_1_359' title='bbox 659 2357 786 2396; x_wconf 85' lang='lat' dir='ltr'>locum</span> <span class='ocrx_word' id='word_1_360' title='bbox 803 2355 941 2395; x_wconf 86' lang='lat' dir='ltr'>censeo</span> <span class='ocrx_word' id='word_1_361' title='bbox 950 2369 961 2403; x_wconf 83' lang='lat'>3</span> <span class='ocrx_word' id='word_1_362' title='bbox 975 2355 1042 2395; x_wconf 79' lang='lat' dir='ltr'>nisi</span> <span class='ocrx_word' id='word_1_363' title='bbox 1056 2355 1182 2394; x_wconf 84' lang='lat' dir='ltr'>forsan</span> <span class='ocrx_word' id='word_1_364' title='bbox 1201 2356 1330 2407; x_wconf 82' lang='lat' dir='ltr'>priva-</span> 
     </span>
     <span class='ocr_line' id='line_1_41' title="bbox 58 2408 1330 2463; baseline 0 -16"><span class='ocrx_word' id='word_1_365' title='bbox 58 2419 122 2448; x_wconf 90' lang='lat' dir='ltr'>tus</span> <span class='ocrx_word' id='word_1_366' title='bbox 141 2408 278 2462; x_wconf 90' lang='lat' dir='ltr'>aliquis</span> <span class='ocrx_word' id='word_1_367' title='bbox 299 2409 468 2450; x_wconf 88' lang='lat' dir='ltr'>Oroetes</span> <span class='ocrx_word' id='word_1_368' title='bbox 485 2410 667 2450; x_wconf 78' lang='lat' dir='ltr'>exstiterit</span> <span class='ocrx_word' id='word_1_369' title='bbox 682 2410 843 2449; x_wconf 86' lang='lat' dir='ltr'>mollitie</span> <span class='ocrx_word' id='word_1_370' title='bbox 866 2409 1016 2462; x_wconf 82' lang='lat' dir='ltr'>insignis</span> <span class='ocrx_word' id='word_1_371' title='bbox 1029 2441 1042 2456; x_wconf 91' lang='lat'><em>,</em></span> <span class='ocrx_word' id='word_1_372' title='bbox 1064 2410 1110 2448; x_wconf 89' lang='lat' dir='ltr'>de</span> <span class='ocrx_word' id='word_1_373' title='bbox 1130 2423 1211 2463; x_wconf 91' lang='lat' dir='ltr'>quo</span> <span class='ocrx_word' id='word_1_374' title='bbox 1236 2409 1330 2448; x_wconf 81' lang='lat' dir='ltr'>mihi</span> 
     </span>
     <span class='ocr_line' id='line_1_42' title="bbox 60 2462 1328 2509; baseline -0.001 -7"><span class='ocrx_word' id='word_1_375' title='bbox 60 2475 142 2502; x_wconf 90' lang='lat' dir='ltr'>non</span> <span class='ocrx_word' id='word_1_376' title='bbox 157 2462 314 2503; x_wconf 88' lang='lat' dir='ltr'>constat.</span> <span class='ocrx_word' id='word_1_377' title='bbox 327 2463 484 2503; x_wconf 79' lang='lat' dir='ltr'>SOLAN.</span> <span class='ocrx_word' id='word_1_378' title='bbox 499 2463 638 2504; x_wconf 89' lang='lat' dir='ltr'>Fateor</span> <span class='ocrx_word' id='word_1_379' title='bbox 653 2463 875 2503; x_wconf 66' lang='lat' dir='ltr'>structuram</span> <span class='ocrx_word' id='word_1_380' title='bbox 889 2463 961 2504; x_wconf 82' lang='lat' dir='ltr'>effe</span> <span class='ocrx_word' id='word_1_381' title='bbox 973 2464 1184 2503; x_wconf 88' lang='lat' dir='ltr'>verborum</span> <span class='ocrx_word' id='word_1_382' title='bbox 1197 2463 1328 2509; x_wconf 88' lang='lat' dir='ltr'>talem,</span> 
     </span>
     <span class='ocr_line' id='line_1_43' title="bbox 60 2517 1332 2572; baseline 0 -16"><span class='ocrx_word' id='word_1_383' title='bbox 60 2529 161 2570; x_wconf 82' lang='lat' dir='ltr'>quae</span> <span class='ocrx_word' id='word_1_384' title='bbox 180 2518 340 2559; x_wconf 88' lang='lat' dir='ltr'>mendae</span> <span class='ocrx_word' id='word_1_385' title='bbox 356 2517 606 2572; x_wconf 86' lang='lat' dir='ltr'>suspicionem</span> <span class='ocrx_word' id='word_1_386' title='bbox 626 2518 734 2560; x_wconf 86' lang='lat' dir='ltr'>facile</span> <span class='ocrx_word' id='word_1_387' title='bbox 747 2529 1009 2560; x_wconf 83' lang='lat' dir='ltr'>commoveat,</span> <span class='ocrx_word' id='word_1_388' title='bbox 1025 2518 1190 2559; x_wconf 78' lang='lat' dir='ltr'>Parvula</span> <span class='ocrx_word' id='word_1_389' title='bbox 1207 2528 1332 2557; x_wconf 84' lang='lat' dir='ltr'>muta-</span> 
     </span>
    </p>
   </div>
  </div>
 </body>
</html>
