1748 3420
128 195 210 240 IN
242 195 632 243 DIALOGOS
667 195 1190 244 MORTUORUM.
1225 213 1323 261 477

0 291 10 328 ὀ
43 281 98 338 ais
115 283 312 325 lenociniis
327 285 526 338 implicato
550 296 649 325 tacet
662 285 820 325 Servius
843 286 989 326 bonum
1005 288 1141 327 ducem
1166 288 1321 329 secutus

0 356 8 381 ·,
40 339 94 380 ad
107 339 209 378 Aen.
225 338 296 387 VI,
313 339 404 388 846,
417 352 506 379 cum
524 350 667 385 narrat,
684 339 845 379 Fabium
859 341 1093 388 Maximum,
1106 344 1163 394 qui
1174 343 1320 382 Hanni-

0 419 8 428 .
43 393 136 433 ,halis
148 393 304 445 impetum
311 392 401 443 ferre
411 409 478 431 non
485 393 613 444 poffet,
627 409 720 432 mora
733 409 806 432 eum
817 395 945 446 elufiffe
955 425 964 441 ,
980 395 1014 433 δ’
1035 398 1083 433 ad
1095 397 1317 448 Campaniam

0 449 7 488 ἶ
43 446 196 498 traxiffe,
212 447 270 484 ubi
282 447 410 485 deliciis
426 447 747 499 Carthaginienssum
758 448 867 486 virtus
884 449 1070 500 obtorpuit:
1090 460 1214 489 tacent
1232 452 1315 503 plu-

42 512 120 539 res:
143 511 231 538 nam
245 499 370 552 ipsum,
387 512 428 539 ut
441 500 488 538 ad
503 501 708 540 Annaeum
725 512 833 540 notat
845 501 1021 540 eruditiss‘.
1041 501 1246 550 Dukems,
1262 508 1319 543 de-

41 553 130 592 liciis
143 553 198 591 his
211 554 391 593 emollitum
405 553 527 606 suff,
539 554 729 605 Polybius,
747 554 871 592 Livius
884 556 1008 607 aliique
1023 557 1166 608 historici
1182 559 1314 609 quidem

41 622 112 646 non
121 609 287 658 produnt:
299 607 367 658 sed
375 619 484 646 tamen
493 609 665 658 probabile
678 610 721 660 est
728 623 744 655 ;
759 621 922 660 eamque
935 609 972 647 in
983 622 1061 648 rem
1071 610 1231 650 Luciani
1245 625 1316 651 no-

42 659 106 699 stri
117 660 237 700 verba
253 660 410 713 profert.
425 661 572 700 Verum
590 660 674 700 sunt
687 661 776 700 sane
791 674 869 701 non
886 663 1019 714 pauci,
1031 664 1099 715 qui
1113 663 1150 700 H
1154 666 1315 704 anniba-

0 733 3 756 ;
39 713 114 754 lem
140 712 261 767 ipsum
286 713 460 767 pestifera
482 714 655 754 luxuriae
674 714 899 767 Campanae
923 717 1156 768 contagione
1181 717 1316 756 delini·

39 777 123 808 tum
136 767 360 820 relanguiss'e
375 767 609 821 scripserunt.
631 769 692 808 Ne
706 768 872 808 Aurelio
884 769 1035 809 Vfflori
1050 769 1311 811 testimonium

38 821 261 861 denuntiem
274 851 284 868 ‚
300 822 370 875 qui
385 822 467 861 solo
480 822 718 874 imperatoris
737 823 893 862 nomine
908 824 1119 863 exercitum
1138 824 1312 865 indicaffe

36 875 159 914 videri
179 874 325 928 potest,
347 876 438 927 quid
450 875 594 915 Valerii
610 876 769 914 Maximi
785 876 913 916 verbis
926 876 980 915 est
995 875 1168 916 disertius
1180 877 1254 924 IX,
1274 893 1288 917 1
1299 908 1310 927 ,

39 940 117 969 ext.
135 929 150 979 §
169 943 182 967 1
201 944 210 969 :
231 930 392 968 Invic‘lurn
405 930 489 968 enirn
508 932 611 968 armis
627 929 858 969 Hannibalem
873 930 1032 969 illecebris
1041 931 1122 982 suis
1134 934 1309 983 complexa

37 983 234 1022 vincendum
250 985 407 1023 Romano
420 983 518 1021 militi
537 984 687 1022 tradidit.
711 983 777 1022 Illa
792 983 1075 1036 vigilantiffimum
1089 986 1203 1024 ducem
1214 1015 1227 1031 ,
1245 987 1308 1024 illa

36 1038 215 1076 exercitum
226 1038 420 1076 acerrimum
432 1038 576 1087 dapibus
590 1038 712 1088 largis,
733 1038 922 1076 abundanti
935 1038 1015 1077 vino
1029 1067 1039 1084 ,
1061 1052 1308 1091 unguentorum

29 1089 229 1143 flagrantia
239 1121 253 1137 ‚
274 1091 411 1129 Veneris
432 1093 495 1141 usu
516 1091 690 1141 lasciviore
705 1093 754 1129 ad
762 1093 918 1142 somnum
934 1091 969 1129 δ’
989 1092 1126 1131 delicias
1140 1095 1307 1134 evocavit.

33 1143 175 1184 Parum
190 1145 323 1198 utique
335 1145 472 1184 Venus
488 1143 714 1197 profeciffet,
728 1143 813 1192 nifi,
827 1144 953 1184 fraffis
970 1147 1005 1184 in
1022 1146 1223 1186 mollitiem
1240 1161 1306 1186 co-

32 1198 119 1250 piis,
137 1199 267 1238 eadem
283 1210 398 1249 caput
413 1198 537 1251 ipsum
550 1198 635 1238 labe
649 1197 835 1238 adflaffet:
864 1199 1006 1239 idcirco
1020 1199 1230 1252 Cupidines
1251 1202 1305 1240 al-

30 1251 179 1298 locuta,
190 1252 240 1292 fic
253 1252 304 1291 ait
317 1254 417 1305 apud
433 1252 496 1292 Sil.
512 1253 632 1291 Italic.
650 1252 720 1298 XI,
733 1266 809 1300 402
823 1268 831 1291 ε
849 1254 1020 1292 Com-hibat
1032 1254 1177 1306 illapsos
1190 1258 1304 1295 duaor

27 1321 92 1360 per
101 1306 231 1356 viscera
243 1307 349 1346 luxus
360 1337 371 1353 ,
389 1309 464 1346 Nec
476 1309 602 1360 pudeat
611 1307 699 1359 pilio
707 1306 839 1358 fultum
851 1306 989 1359 iacuiffe
1003 1309 1126 1354 cubili,
1151 1310 1228 1348 Nec
1237 1310 1302 1349 cri-

31 1376 105 1400 nem
119 1360 269 1413 Affjtrio
277 1359 474 1413 perfimdere
484 1374 610 1414 pugnet
625 1375 778 1400 amomo:
799 1360 838 1399 &
853 1373 901 1400 ne
921 1374 1032 1412 putes
1052 1362 1147 1401 intra
1161 1376 1303 1402 votum

30 1413 134 1467 spem
153 1416 316 1454 Veneris
342 1415 559 1468 improbam
583 1413 748 1460 stetisse,
772 1426 885 1454 cavet
910 1415 1026 1454 Silius
1048 1429 1089 1454 v.
1108 1429 1206 1464 422:
1225 1418 1301 1469 Ipse

14 1487 15 1491 ¹
30 1468 131 1508 etiam
147 1472 301 1521 adflatus
302 1468 447 1521 fhllente
462 1469 621 1522 Cupidine
633 1471 747 1507 duelor
757 1470 929 1521 Instaurat
943 1469 1072 1520 mensas
1083 1471 1242 1522 dapibus,
1252 1488 1303 1510 re-

27 1523 177 1576 petitque
189 1524 358 1562 volentum
368 1523 550 1576 Hospitia‚
560 1523 594 1561 6³
602 1523 738 1576 patrias
747 1523 918 1575 paulatim
929 1525 1059 1562 decolor
1068 1535 1156 1562 artes
1169 1526 1299 1576 Exuit,

29 1578 164 1616 occulta
180 1590 317 1616 mentem
332 1577 473 1616 vitiante
485 1577 628 1630 sagitta.
648 1577 702 1616 At
715 1575 743 1615 fi
757 1576 896 1616 horum
911 1575 1004 1616 fides
1020 1576 1063 1616 fit
1079 1576 1233 1618 fortaffe
1246 1580 1302 1618 le-

27 1630 133 1679 vior,
153 1630 374 1671 historicum
395 1631 510 1677 dabo,
532 1631 599 1683 qui
620 1631 778 1670 amicam
794 1632 839 1669 ad
853 1631 1109 1670 Hannibalem
1126 1632 1300 1682 deducet,

27 1697 201 1738 eumque
215 1686 330 1724 nobis
346 1684 570 1724 monstrabit
585 1683 751 1737 ἑταιραις
771 1686 943 1724 συνόντα.
958 1685 1124 1737 Appian.
1141 1687 1186 1724 de
1201 1687 1297 1727 Bell.

26 1738 156 1778 Hann.
171 1753 208 1792 p.
222 1738 296 1792 338
306 1738 396 1779 C.‘O
406 1738 444 1778 δ’
454 1739 632 1785 Ἀννίβας,
647 1739 728 1777 ἐπεὶ
744 1737 814 1778 τῆς
828 1740 958 1790 ’πείρας
973 1737 1192 1790 (obfidione
1205 1740 1299 1780 libe-

24 1793 165 1832 randae
187 1792 362 1845 Capuae)
392 1792 611 1846 ἀπέτυχεν,
637 1793 671 1831 ἐς
691 1792 895 1831 Λευκανοὺς
918 1791 1070 1832 <Pisaeam
1094 1793 1300 1845 ἐχείμαζε,

24 1847 94 1886 καὶ
113 1847 176 1889 ἐπὶ
193 1846 327 1898 τρυφῆς
350 1840 386 1889 ἦν
406 1843 442 1885 οὔ
458 1845 636 1894 συνήθους,
659 1846 828 1898 ἐρωμένην
851 1860 897 1884 τε
918 1842 1023 1899 εἶχεν
1044 1861 1174 1900 αγριος
1200 1847 1299 1898 ἀνῆς.

23 1900 117 1945 Hoc
130 1902 246 1952 paulo
256 1901 411 1952 quidem
424 1899 554 1947 serius,
569 1900 687 1940 modo
702 1913 749 1938 ne
760 1900 943 1953 Appiani,
953 1901 1018 1952 qui
1031 1900 1076 1939 de
1088 1900 1297 1954 Campanis

22 1953 224 2001 illecebris,
238 1953 265 1992 sl
280 1955 382 1994 recle
400 1955 570 2000 memini,
582 1954 816 1994 mentionem
828 1953 970 1993 nullam
986 1954 1087 2000 fecit,
1102 1953 1298 2007 scriptoris

22 2007 61 2047 in
78 2009 212 2048 ordine
227 2022 357 2048 rerum
374 2008 562 2061 gestarum
579 2009 785 2061 digerendo
799 2021 880 2047 non
898 2008 1010 2046 nimis
1022 2010 1215 2057 accurati,
1237 2011 1296 2048 in-

23 2061 162 2102 dustria
178 2075 384 2116 parumper
398 2063 460 2101 hic
474 2062 649 2108 vacillet,
668 2061 840 2102 accidiffe
855 2074 934 2100 non
955 2062 1138 2101 diffiteor:
1167 2076 1295 2115 neque

23 2126 154 2156 tamen
169 2129 218 2156 eo
229 2117 355 2156 minus
367 2115 560 2156 obiectum
574 2116 622 2154 ab
631 2117 855 2155 Alexandro
871 2116 1058 2168 flagitium
1072 2116 1294 2159 confirmat.

22 2169 87 2210 Est
101 2181 229 2209 autem
244 2170 396 2223 elegans
410 2171 591 2223 loquendi
605 2169 771 2209 formula
785 2169 870 2208 τοὺς
885 2173 949 2208 του
964 2178 1131 2220 πολέμου
1146 2171 1293 2223 καιροὺς

22 2223 312 2271 καθηὲυπαόεἶν,
334 2225 444 2264 cuius
468 2225 675 2277 genuinam
691 2226 769 2262 vim
793 2224 895 2263 haud
920 2224 1095 2276 equidem
1121 2223 1217 2272 scio,
1242 2238 1292 2265 an

22 2277 200 2320 Budaeus
213 2277 261 2318 C.
277 2278 318 2318 L.
329 2278 379 2318 G.
400 2293 435 2331 p.
454 2291 574 2332 1079,
600 2278 750 2331 penitus
771 2291 851 2317 non
874 2277 986 2316 fuerit
1000 2277 1210 2325 assecutus,
1230 2295 1292 2332 per

23 2333 143 2371 luxum
158 2333 193 2370 δ’
210 2333 415 2384 voluptatem
429 2346 610 2372 conterere:
625 2332 809 2372 debuerat
823 2333 965 2384 potius,
979 2332 1063 2370 luxu
1080 2333 1114 2369 δ’
1126 2334 1286 2385 volupta-

25 2387 116 2425 tibus
127 2400 307 2426 avocatum
322 2387 397 2424 belli
407 2387 671 2440 opportunitates
679 2390 810 2439 perdere
827 2398 926 2438 atque
936 2402 951 2424 e
964 2386 1118 2425 manibus
1128 2389 1289 2427 amittere.

24 2438 213 2480 Plutarch.
228 2441 266 2478 in
280 2440 430 2479 Anton.
442 2455 478 2493 p.
494 2440 570 2493 928
583 2439 634 2479 A.
646 2439 744 2479 Ἐκεῖ
753 2440 797 2478 Σὲ
811 2454 999 2491 μειρακιου
1015 2440 1160 2491 σχολὴν
1172 2455 1289 2491 αγον-

20 2506 84 2535 τος
102 2492 321 2547 διατριβαῖς
341 2494 407 2535 καὶ
435 2494 618 2535 παιδιαῖς
642 2494 833 2547 χρώμενον
852 2494 1063 2535 ἀναλίσκειν
1088 2494 1150 2535 καὶ
1176 2495 1288 2536 καθη-
