1748 3420
428 250 518 299 3η
623 227 1490 277 ANNOTATIONES

478 320 550 357 ead.
567 317 589 356 l.
613 316 742 369 13.''Hv
757 315 976 368 τιςἝλλην)
994 313 1143 355 Orestis
1158 313 1322 354 fabulam
1337 317 1459 370 tangit
1470 347 1481 366 ,
1500 328 1588 356 cum
1603 325 1686 371 quo'

426 371 575 422 aufugit
590 370 682 409 Eur.
698 370 854 409 SOLAN.

479 424 569 476 Pag.
587 423 650 462 81.
667 424 690 461 Ι.
709 438 740 474 3.
758 420 1115 474 ’Υποβεβρεγμένοή
1134 420 1198 460 Sic
1223 421 1261 459 in
1281 420 1380 461 Gall.
1400 422 1548 466 βαθείας
1563 421 1633 464 {isa
1651 421 1688 462 ὅ·

426 477 571 528 σπέριις
588 472 913 528 ὑποβεβρεγμένος.
930 475 1082 514 Heliod.
1099 474 1162 513 lib.
1188 488 1202 512 1
1227 474 1268 513 δι
1289 489 1325 513 2.
1346 475 1560 514 Casaubon.
1574 477 1619 514 ad
1633 477 1688 515 A.

426 530 528 568 then.
543 529 696 568 Herald.
713 529 758 567 ad
778 529 891 568 Mart.
905 529 1078 568 Eoum).
1091 527 1193 566 Inter
1203 538 1391 580 cognatae
1406 527 1688 580 significationis

426 583 544 622 verba
562 584 686 635 primo
698 581 788 621 loco
802 583 909 634 ponit
925 581 1016 621 Poll.
1033 580 1091 620 VI
1103 610 1114 627 ‚
1135 594 1200 631 25,
1221 578 1525 632 ὑποβεβρὲχθοιι,
1546 581 1688 635 &mesp-

423 637 630 686 μαίνεσθαι
645 665 655 680 ,
672 636 869 675 σεσεῖσόςιι
889 634 973 684 μεθῃ
988 664 1001 680 ,
1021 633 1176 684 μεθύειν.
1192 633 1312 685 Long.
1334 633 1369 672 11
1381 662 1392 680 ‚
1409 648 1446 686 p.
1471 637 1544 682 60,
1561 636 1689 687 γέρον-

425 704 492 729 τες
511 685 833 742 ὑποβεβρεγμένοι·
849 689 902 727 ibi
918 689 1025 741 plura
1039 687 1305 738 Iungermann.
1327 700 1363 738 p.
1391 701 1482 740 213,
1499 687 1658 727 Luciani
1673 718 1687 738 ‚

428 743 468 782 in
480 756 560 796 quo
574 742 721 795 saepius
734 743 920 787 occurrit,
942 741 1201 780 bene'memor
1214 752 1222 777 :
1237 739 1396 779 Mollius
1416 741 1688 789 inverecunde,

427 809 542 849 quem
560 796 668 848 plane
685 794 871 846 descripfit
896 793 985 834 Des.
1000 793 1208 832 Heraldum
1227 793 1273 831 ad
1291 793 1454 832 Martial.
1468 793 1507 839 l,
1524 793 1591 846 Ep.
1611 807 1657 841 71
1673 822 1687 842 ‚

427 862 499 889 nec
512 849 598 888 satis
613 848 843 888 intellectum
856 877 867 893 ,
891 861 938 886 ne
949 848 1149 887 nominare
1164 847 1316 899 quidem
1329 845 1401 885 fuit
1413 847 1597 898 dignatus.
1611 848 1689 888 He·

425 903 580 942 liodoro
594 902 903 954 Σισιβεβρεγμένοι
926 899 998 940 iis„
1014 899 1080 938 καὶ
1095 902 1184 951 προς
1197 901 1240 938 το
1257 897 1553 952 ὑβριστικώτερον
1562 916 1691 952 παροι-

427 957 637 1008 φερὸμενοι,
656 957 724 1008 qui
742 957 816 994 iam
838 955 998 994 ulterius
1011 953 1183 1006 provecti
1196 953 1291 991 vino
1306 955 1613 1004 permaduerunt‚
1635 955 1689 1003 V,

428 1024 466 1064 p.
486 1025 531 1063 25
543 1023 574 1059 5.
589 1010 789 1062 Eleganter
800 1008 932 1047 Alexis
943 1007 1124 1060 loquendi
1138 1006 1293 1046 modum
1307 1018 1511 1059 parumper
1529 1007 1690 1056 inflexit,

429 1067 584 1103 Θασίοις
599 1063 660 1100 και
675 1062 841 1107 Λεσβίοις
858 1062 1018 1113 οἰναρίοις
1035 1058 1098 1098 τῆς
1121 1056 1255 1109 ἶιμέροις
1266 1062 1310 1097 τὶ
1325 1062 1453 1099 λοιπον
1467 1058 1690 1112 ἐπιβρέχειν

426 1120 533 1168 μέρος
552 1115 653 1168 apud
665 1115 805 1154 Athen.
824 1114 885 1162 ΙΙ,
902 1129 938 1168 p.
954 1127 1002 1163 47
1030 1113 1081 1152 D.
1098 1113 1229 1164 Thafiis
1242 1113 1431 1165 Lesbiisque
1445 1114 1584 1160 vinulis,
1602 1117 1693 1167 quod

428 1171 493 1209 diei
507 1170 665 1221 reliquum
679 1170 722 1220 est
732 1199 745 1215 ‚
765 1167 1037 1219 commadefhcere
1047 1196 1059 1214 ,
1076 1166 1156 1206 sive
1167 1196 1180 1212 ‚
1199 1168 1291 1218 quod
1290 1167 1434 1219 fitperest
1449 1167 1512 1205 ‘aa‘
1522 1197 1534 1215 ‚
1555 1168 1688 1218 Thaffis

429 1223 557 1262 vinulis
575 1223 712 1273 largiter
728 1223 917 1260 hauriendis
936 1223 1060 1260 ducere.
1072 1220 1189 1272 Quae
1209 1230 1336 1258 autem
1353 1219 1470 1271 paulo
1483 1231 1570 1260 ante
1582 1233 1690 1273 prae·

428 1278 595 1322 cedunt,
617 1276 735 1326 πρώην
752 1275 787 1315 ἑν
811 1274 1014 1324 Λαμψάκῳ
1030 1276 1235 1327 γενόμενος,
1265 1273 1312 1311 ad
1331 1273 1525 1313 Bacchum
1548 1274 1690 1313 retule-

429 1341 521 1370 runt
546 1330 792 1381 interpretes,
813 1340 912 1380 quos
933 1327 1013 1366 sum
1030 1329 1198 1366 secutus:
1223 1326 1268 1364 de
1285 1325 1421 1379 Priapo
1438 1326 1462 1365 si
1478 1327 1561 1379 quis
1582 1327 1688 1368 malit

428 1382 638 1435 intelligere
649 1413 662 1429 ,
681 1395 760 1420 non
780 1382 891 1421 valde
906 1380 1143 1434 refragabor3
1163 1391 1287 1432 neque
1302 1381 1417 1419 etiarn
1433 1379 1459 1418 si
1475 1393 1592 1433 porro
1605 1393 1690 1420 ver·

422 1438 586 1477 ‚tendum
609 1435 818 1481 existimet,
843 1450 946 1487 nuper
968 1434 1148 1486 Lzmpsaci
1166 1445 1292 1473 natus:
1315 1445 1451 1473 revera
1465 1435 1566 1473 enim
1584 1446 1629 1473 ω
1649 1435 1690 1474 ἰη

430 1491 528 1531 urbe
544 1490 583 1529 hi
596 1501 743 1536 natum,
755 1490 936 1528 nutritum
952 1489 1013 1527 alii
1026 1488 1200 1541 Priapum
1213 1485 1549 1527 tradiderunt.Vid.
1562 1487 1696 1528 Schol.·

430 1544 615 1597 Apollon.
636 1543 766 1583 Rhod.
787 1542 887 1587 adl,
904 1556 978 1595 932
992 1572 1005 1588 ,
1024 1541 1196 1593 Etymol.
1220 1541 1257 1578 in
1273 1539 1493 1591 Ἀβαρνίδα,
1515 1540 1624 1581 Serv.
1647 1541 1689 1582 δι

429 1598 644 1650 Philargyr.
657 1597 703 1636 ad
718 1596 851 1648 Virgil.
864 1595 1009 1648 Georg.
1024 1596 1098 1644 IV,
1117 1610 1131 1633 1
1144 1609 1158 1633 1
1172 1607 1202 1633 1.
1215 1593 1316 1633 Idem
1331 1594 1403 1642 est,
1418 1595 1486 1647 qui
1499 1594 1691 1642 Bacchus,

429 1665 478 1691 ex
492 1651 733 1705 quorundam
751 1649 954 1689 sententia:
975 1649 1114 1689 Bacchi
1129 1647 1249 1687 filium
1273 1657 1322 1686 ex
1336 1648 1491 1688 Venere
1512 1648 1597 1687 sunt
1619 1649 1690 1702 qui

431 1704 591 1754 faciant,
610 1705 722 1744 cuius
745 1703 922 1756 gravidae
948 1713 1121 1742 ventrem
1145 1715 1233 1741 cum
1254 1711 1370 1740 manu
1388 1714 1575 1741 venenata
1589 1701 1691 1742 Iuno

431 1758 603 1811 tetigiffet
619 1789 632 1806 ‚
663 1759 764 1796 hunc
791 1756 930 1796 scilicet
959 1756 1159 1810 improbae
1184 1767 1342 1795 naturae
1396 1768 1531 1795 uerum
1552 1756 1689 1804 edidit3

431 1826 546 1865 quem
560 1815 686 1851 tamen
700 1823 901 1863 utcunque
914 1814 1012 1863 πέρα
1023 1810 1088 1850 τοῦ
1103 1805 1307 1861 εὐπρεποῦς
1319 1809 1364 1847 ἀν
1392 1811 1487 1860 ρικον
1501 1821 1689 1849 verecun-

430 1868 499 1906 dae
512 1866 720 1918 Nymphae
737 1877 933 1916 nunquam
949 1863 1254 1903 reformidarunt.
1279 1861 1386 1901 Alias
1406 1873 1544 1902 matres
1557 1863 1689 1903 tribuit

428 1920 556 1960 Schol.
570 1919 768 1959 Theocriti
782 1919 827 1957 ad
842 1917 978 1963 Eid.1‚
997 1931 1057 1957 21.
1071 1918 1117 1956 de
1134 1928 1239 1969 patre
1253 1927 1312 1955 res
1335 1928 1413 1955 non
1430 1916 1554 1956 minus
1567 1915 1621 1956 est
1633 1917 1690 1956 in·

428 1985 552 2013 certa:
569 1974 607 2012 in
622 1973 696 2012 hoc
710 1973 858 2026 quidem
875 1971 1026 2024 dialogo
1040 1970 1224 2023 nusquam
1236 1969 1409 2009 Bacchus
1420 1969 1524 2010 hunc
1536 1968 1606 2009 fibi
1617 1970 1690 2010 ho-

430 2039 565 2067 norem
577 2027 754 2066 vindicat.
772 2027 937 2067 HEMST.
1339 2042 1342 2044 -

429 2133 454 2174 S
486 2080 565 2120 ead.
583 2082 606 2120 l.
627 2094 664 2135 9.
676 2081 717 2118 Τί
731 2082 810 2134 ’γὰρ
829 2078 926 2119 ἄλλο
952 2079 970 2120 ἢ
996 2076 1226 2132 {yeneno-003)
1247 2077 1299 2117 V.
1312 2075 1434 2117 Clem.
1450 2076 1562 2117 Alex.
1578 2077 1625 2118 16
1643 2075 1691 2118 C·

458 2144 587 2174 OLAN.

482 2192 554 2227 ead.
570 2190 593 2227 l.
609 2201 665 2227 10.
681 2181 794 2240 Εὖγε,
815 2189 857 2226 το
877 2185 949 2239 μὴ)
968 2185 1217 2226 Scribendum
1235 2181 1308 2232 est,
1325 2178 1439 2237 εὖγε,
1459 2182 1519 2224 ’ὅτι
1536 2182 1591 2236 μὴ
1608 2198 1688 2238 χαις

427 2242 568 2282 λεπῐὸς.
586 2242 750 2282 ΗῑΜετ.
1664 2239 1670 2243 “

484 2297 557 2334 ead.
571 2297 594 2334 I.
611 2309 625 2333 1
634 2310 670 2344 4.
686 2295 762 2342 Koa}⁴
773 2292 944 2346 νήφοντα)
960 2294 1021 2334 Sic
1035 2291 1183 2334 Thraso
1197 2292 1296 2346 apud
1307 2291 1398 2332 Ter.
1408 2292 1487 2344 Ego
1500 2290 1597 2344 istum
1606 2292 1688 2330 Eua

429 2352 574 2389 nuchum
595 2350 651 2387 vel
658 2348 807 2400 fhbrz‘us.
821 2349 986 2388 VORST.

483 2406 555 2441 ead.
568 2405 592 2441 l.
609 2417 666 2454 15.
681 2399 964 2455 Ἐπιχειρίιο-ει)
981 2401 1041 2441 Sic
1057 2400 1115 2440 bis
1128 2411 1238 2440 antea
1258 2399 1351 2439 dixit
1365 2397 1503 2450 ἐπείρα..
1518 2397 1579 2438 Sic
1599 2396 1688 2437 Eu-·

428 2455 538 2496 ssath.
555 2456 620 2496 lib.
637 2469 654 2508 5
678 2455 763 2495 Ism.
777 2456 817 2494 &
829 2455 913 2494 lsm.
928 2455 993 2494 καί
1018 2469 1058 2493 τι
1075 2452 1164 2507 ὃρᾷν
1182 2453 1397 2507 ἐπεχείρουν
1413 2451 1687 2505 {parmai-tepor.

428 2510 579 2551 Heliod.
594 2510 656 2549 lib.
673 2523 707 2558 1,
719 2507 889 2562 ἐπειρᾶτο
900 2511 994 2549 τινος
1017 2507 1089 2549 τῶν
1111 2506 1298 2559 ἀθεμίτων.
1313 2507 1376 2548 Sic
1386 2505 1526 2546 Latinis
1543 2517 1678 2545 tentare.
