1748 3420
179 203 270 249 IN
303 202 760 250 ‘DIALOGOS
811 205 1178 252 DEORUM.
1226 206 1314 254 281

14 336 21 338 ⁷
45 304 115 346 per
133 295 245 334 metri
265 293 387 347 legem
404 296 576 349 τρέχοντι
591 295 711 348 ῥυθμῷ
726 295 931 336 sollicitare
952 310 1030 337 non
1045 297 1089 336 sit
1102 298 1317 350 integrum:

49 359 212 394 verum,
232 350 546 403 quandoquidem
567 351 606 388 in
629 351 761 389 laceris
785 351 975 403 reliquiis,
993 351 1207 403 praesertim
1232 353 1320 391 bre-

49 400 231 448 viffimis,
245 403 342 442 ratio
356 403 535 443 versuum
553 403 905 443 constituendorum
922 405 1125 444 admodum
1139 405 1193 445 est
1209 405 1321 444 lubri-

46 467 118 500 ca,
136 455 204 494 vix
227 457 324 510 eripi
347 457 441 496 mihi
466 458 602 511 patiar,
627 458 721 509 quin
747 457 952 509 legendnm
977 471 1108 510 putem
1134 456 1320 510 τρήχοντι

45 507 180 560 ῥυθμῷ,
197 509 447 551 insolentiore
459 508 613 564 quidem'
624 510 835 557 vocabulo,
854 510 914 550 sed
929 514 991 551 cui
1003 512 1167 552 fulcrum
1183 513 1320 565 suppo-

43 562 103 601 nit
117 563 311 604 Nicander
326 577 348 603 a
365 565 560 618 Stephano
581 565 696 604 etiam
715 565 899 603 indicatus
918 565 1036 604 Ther.
1059 580 1098 605 v.
1125 581 1213 618 521,
1234 564 1319 617 τρή-

48 629 164 668 χοντι
187 617 322 671 πάγῳ·
346 632 428 671 quo
447 619 537 657 nihil
555 618 607 658 est
625 619 747 670 aptius
765 619 810 656 acl
823 619 1064 658 inconditum
1082 619 1185 658 illum
1202 621 1318 659 tibiae

46 668 240 723 Phrygiae
263 673 305 711 δι
321 684 478 724 gravem
496 671 630 712 sonum
646 670 932 725 fignificandum
947 703 957 720 ,
979 686 1093 725 quem
1108 673 1319 725 adglutina-

0 754 1 761 ,
45 733 130 763 tum
143 736 269 764 cornu
285 725 544 779 exasperabat.
560 726 779 777 Κερασφόρον
791 721 903 765 αὐλὸν
919 727 1009 765 dixit
1022 726 1172 765 Aristid.
1188 725 1319 778 Quin·

0 791 1 827 j
22 794 25 797 ¹
45 777 123 817 elil.
138 777 208 825 ΙΙΙ,
230 786 266 831 p.
283 792 372 828 147,
391 779 457 832 qui
476 780 606 819 Lunae
622 779 736 819 fuerit
748 779 804 818 ob
819 778 982 832 figuram
997 779 1170 819 falcatam
1186 779 1319 820 conse-

43 841 194 872 cratus:
217 833 282 871 καὶ
302 836 363 873 τὸν
386 833 602 886 κερασφόρον
618 830 733 872 αὐλὸν
753 832 904 883 εἰν-ιῖψειν
928 830 1030 883 adv?
1054 832 1215 887 (σελήνῃ
1231 833 1247 885 )
1263 834 1318 883 τῷ

42 885 236 937 famosus&
245 885 313 926 τοῦ
328 886 532 940 σχήματος
546 883 815 939 παραπλήσιον
830 888 934 934 ὄντα,
949 889 1013 926 καὶ
1023 887 1233 940 βαρύτατον
1248 888 1318 928 ἐπ-

43 940 128 980 ίσης
143 942 511 992 προσλαμβανομένῳ
536 943 644 979 κατὰ,
662 941 731 980 ‘triv
753 940 957 1000 {maligno-ev·
980 940 1321 994 ’προσ-λαμβανόμε-

0 1033 2 1040 ,
44 1008 100 1033 νον
115 1003 243 1034 autem
263 994 292 1034 οἱ
307 997 461 1049 νεώτεροι
476 995 565 1045 τόνῳ
580 995 804 1047 Σκιφέρσντει
818 1009 885 1034 της
899 991 1051 1037 ὑπάτης
1073 996 1136 1035 ἐπὶ
1159 999 1201 1034 τὸ
1225 995 1318 1048 βαρὺ

46 1046 206 1100 ἔταξαν,
226 1059 270 1087 ut
289 1048 512 1089 Plutarchus
531 1050 583 1088 ait
598 1049 643 1088 de
655 1049 786 1088 Anim.
800 1048 929 1089 Procr.
948 1064 981 1102 p.
1004 1065 1103 1103 1029
1117 1051 1161 1090 B.
1179 1063 1318 1089 vetum

13 1132 20 1140 .
43 1108 95 1140 e'x
109 1101 167 1141 rei.
183 1101 354 1142 Muficae
373 1102 619 1155 scriptoribus
642 1102 707 1140 ista
723 1101 876 1154 possunt
897 1105 1110 1144 accuratius
1124 1103 1321 1155 cognosci.

44 1155 148 1195 Hinc
161 1155 398 1197 manifestum
411 1156 478 1203 est,
495 1170 566 1198 cur
578 1157 711 1195 tibiam
724 1157 1020 1209 Berecynthiam
1033 1158 1097 1198 vel
1109 1148 1319 1209 Phr‘ygiam

15 1255 19 1258 ¹
42 1209 270 1262 appellarint
297 1211 403 1263 κέρας
428 1211 510 1251 five
533 1226 657 1250 cornu:
686 1210 808 1249 Latini
829 1212 981 1264 quidem
1007 1212 1320 1265 frequentillime.

44 1262 188 1304 Seneca
200 1264 344 1305 Troad.
357 1279 399 1313 v,
412 1265 462 1316 78
471 1280 485 1304 1
495 1295 506 1312 ‚
528 1267 720 1304 Revocaszte
726 1267 823 1316 flexo
838 1267 985 1306 concitos
1000 1283 1104 1306 comm
1118 1269 1243 1305 modos.
1257 1266 1320 1305 In-

42 1327 149 1358 terea
164 1318 254 1357 dum
268 1320 357 1371 quis
372 1319 654 1372 explanandum
677 1318 850 1371 suscipiat
863 1350 874 1365 ‚
897 1321 988 1374 quid
1010 1322 1054 1360 fit
1078 1336 1228 1359 revocare
1247 1337 1319 1360 mo-

42 1374 128 1419 dos,
161 1371 316 1426 legerim
338 1374 519 1425 equidem
550 1375 726 1420 reboante;
749 1375 857 1426 quod
881 1388 996 1428 quam
1022 1375 1189 1428 proclivi
1210 1374 1318 1428 lapsu

44 1425 246 1478 depravari
261 1429 430 1479 potuerit
444 1429 480 1466 in
496 1441 678 1473 revoante,
701 1441 901 1475 revocante,
921 1428 1127 1470 obscurum
1150 1441 1228 1468 non
1252 1429 1318 1469 est.

43 1479 196 1532 Lucret.
209 1480 283 1529 IV,
301 1494 373 1535 549
386 1512 397 1530 ‚
421 1482 502 1521 Aut
522 1483 658 1521 reboant
673 1497 810 1520 raucum
824 1485 979 1523 retrocita
1000 1499 1126 1523 cornua
1144 1485 1319 1522 bombum:

44 1533 111 1573 ubi
125 1535 279 1574 retrocita
291 1548 370 1574 non
393 1536 564 1588 intelligo
577 1566 589 1582 ,
609 1537 714 1588 quod
730 1536 968 1584 voluerunt,
987 1539 1076 1577 ultro
1091 1539 1234 1589 citroque
1253 1539 1317 1575 da-

43 1590 119 1633 aa,
139 1589 336 1629 nonnullis
351 1590 464 1629 etiam
477 1592 584 1643 peius
600 1591 943 1643 interpretantibus
958 1592 1002 1630 de
1017 1592 1107 1631 tuba
1119 1622 1130 1639 ‚
1152 1590 1211 1630 sed
1228 1592 1319 1629 ἀνα.-

43 1642 209 1689 νεὺοντοι,
227 1657 375 1682 curvata
389 1675 401 1693 ‚
421 1657 504 1683 retro
518 1648 628 1696 flexa.
651 1644 846 1683 Eiusmodi
859 1656 1035 1686 veterum
1052 1645 1258 1699 explicatio
1271 1644 1318 1683 acl

42 1698 259 1749 marginem
279 1697 373 1737 olim
389 1697 576 1751 adscripta
602 1699 771 1752 peperit,
797 1710 840 1737 ut
857 1701 948 1739 mihi
967 1700 1119 1752 quidem
1139 1700 1318 1747 videtur,

44 1749 160 1790 huius
176 1751 350 1791 versiculi
364 1751 589 1805 scripturam
604 1753 642 1791 in
656 1751 881 1805 quibusdam
891 1753 1014 1794 Codd.
1029 1756 1068 1794 ὅ(
1081 1754 1162 1793 edd.
1177 1750 1319 1793 adulte-

43 1816 182 1851 ratam,
196 1807 249 1844 Et
263 1809 389 1857 reflexa
403 1820 486 1846 retro
499 1810 586 1846 dant
596 1823 725 1846 cornua
735 1809 879 1846 barbara
889 1809 1053 1848 bombum.
1068 1809 1186 1861 Quae
1199 1820 1316 1847 cona-

42 1869 107 1899 tus
123 1858 176 1899 est
192 1857 236 1898 Is.
249 1859 410 1900 Voffius
426 1860 471 1902 ad
488 1860 629 1900 Catull.
645 1875 681 1914 p.
705 1860 779 1900 228
795 1892 803 1909 ,
826 1861 926 1902 haud
945 1862 1023 1902 scio
1046 1876 1094 1902 an
1113 1863 1229 1910 alios,
1254 1875 1316 1900 me

45 1922 152 1953 certe
165 1913 475 1968 adstipulatorem
494 1928 573 1954 non
589 1915 741 1954 habent.
757 1917 865 1955 Haec
878 1930 958 1956 non
973 1931 1106 1970 parum
1123 1917 1254 1957 valent
1268 1916 1316 1954 ad

43 1966 252 2016 firmanda,
272 1982 372 2021 quae
384 1968 527 2021 scripsit
540 1968 568 2008 Ι.
588 1968 648 2008 Fr.
663 1969 897 2010 Gronovius
915 1971 1008 2010 Obs.
1027 1972 1065 2016 I,
1090 1985 1121 2011 c.
1140 1985 1185 2020 17
1203 1971 1249 2009 ad
1264 1969 1317 2008 fi-

43 2034 148 2062 nem.
161 2022 279 2076 Apul.
293 2023 338 2063 de
353 2022 444 2063 Deo
460 2023 565 2063 Socr.
583 2037 619 2076 p.
638 2038 708 2075 49:
732 2026 912 2076 Aegypt&
931 2027 1072 2064 numina
1080 2025 1185 2077 ferme
1203 2024 1318 2077 (gau-

44 2076 154 2130 dent)
164 2077 388 2130 plangoribus
397 2109 407 2126 ‚
426 2080 560 2117 Graeca
570 2078 758 2131 plerumque
769 2079 896 2118 choreis
907 2111 918 2128 ‚
939 2081 1100 2118 Barbara
1116 2081 1316 2132 autemstre-

40 2132 121 2185 pitu
137 2131 406 2184 cymbalistarum
421 2132 456 2170 δ’
469 2132 749 2185 εγνηραηξβανιιιη
772 2133 806 2171 ὅ)
827 2135 1077 2173 choraularum.
1097 2134 1314 2173 &mularum

44 2197 70 2224 a
83 2184 264 2225 Salmafio
281 2185 493 2226 restitutum
510 2186 562 2225 Pl.
578 2186 650 2225 Ex,
665 2200 702 2240 p.
720 2185 770 2235 87
785 2186 835 2226 A.
855 2187 1043 2229 veriffime
1054 2219 1065 2237 ‚
1085 2198 1131 2227 ut
1152 2187 1316 2228 collatus

27 2239 106 2280 .hic
120 2239 198 2292 ipse
211 2240 371 2280 Lucia-ni
383 2240 494 2281 locus
508 2240 662 2280 evincit.
678 2241 838 2280 HEMST.

101 2296 174 2334 ead.
185 2294 208 2333 l.
221 2308 258 2345 7.
268 2293 477 2348 Τυμπίινῳ)
487 2295 743 2347 Tympanum
757 2295 1040 2348 intelligendum
1053 2296 1196 2341 minus,
1207 2296 1315 2348 quod

45 2349 222 2388 manibus
245 2361 266 2387 a
288 2347 508 2389 saltantibus
532 2347 770 2402 pulsabatur,
790 2352 900 2389 cuius
922 2350 1039 2390 sonus
1057 2364 1157 2390 voce
1174 2349 1313 2400 βέμβος

44 2404 148 2444 reete
171 2403 411 2455 exprimitur.
434 2402 672 2455 Cymbalum
698 2416 795 2442 vero
817 2403 891 2444 fuit
910 2404 1203 2444 instrumentum
1221 2416 1316 2442 con-

47 2455 148 2496 stans
160 2456 312 2497 duobus
325 2457 608 2511 hemisphaeriis
622 2458 746 2497 aeneis
760 2457 801 2496 δε
820 2460 1002 2498 concavis
1014 2491 1024 2507 ‚
1043 2472 1141 2511 quae
1157 2457 1318 2498 collide·

39 2510 206 2562 bantur,
225 2512 265 2553 δι
278 2525 447 2567 quorum
468 2511 615 2553 sonitus
629 2525 730 2556 voce
745 2511 888 2555 κτύπος
907 2514 1115 2554 commode
1136 2511 1317 2557 describi-f
