1748 3420
429 218 523 279 396
624 212 1495 261 ANNOTATIONES

424 302 522 341 teste
537 302 715 354 Diogene
730 303 770 341 L.
783 301 858 341 Vll
871 332 880 346 ,
903 301 986 355 185.
1000 315 1084 341 eam
1102 301 1156 341 ob
1176 314 1255 341 rem
1270 301 1424 343 Isocrati
1437 305 1474 341 in
1487 303 1640 344 Panath.
1651 311 1691 358 p:

428 357 508 408 236
522 355 573 395 D.
586 357 620 395 ἐν
634 355 687 404 τῷ
704 358 839 405 Λυκείῳ
854 356 1166 408 συγκαθεζόμενοι
1180 355 1279 406 τρεῖς
1293 356 1311 394 ii
1323 358 1501 408 τέτταρες
1513 357 1585 396 τῶν
1597 359 1688 410 ἀγεὲ

430 409 548 446 λαιίων
564 408 759 454 σοφιστῶν,
770 411 833 448 καὶ
846 411 978 448 πάντα
992 409 1213 459 φασκόντων
1224 408 1375 447 εἰδέναι·
1388 410 1428 449 &
1443 423 1525 462 pag.
1537 425 1612 464 239
1627 411 1681 451 D.
1727 420 1748 466 p·

429 460 518 500 τοὺς
531 462 564 500 ἐν
577 462 630 510 τῷ
643 462 780 510 Λυκείῳ
794 461 1069 512 ῥωψῳὲοῦντας
1083 462 1156 501 &c.
1171 472 1212 500 ut
1228 462 1362 500 mirum
1377 464 1531 503 minime
1544 463 1607 510 sit,
1621 465 1688 503 ad·
1728 467 1744 474 ’“

429 516 601 554 eundum
614 514 721 554 fuisse
733 515 875 555 Polluci
892 517 1060 566 Lyceum
1071 546 1084 562 ,
1106 528 1187 568 quo
1202 515 1427 568 Menippum
1441 517 1626 556 inveniret
1637 518 1689 556 ri·
1730 516 1747 530 ''

432 568 562 607 dendis
578 568 892 621 philosophorum
904 569 1215 608 altercationibus
1229 580 1440 608 vacantem.
1451 570 1609 609 Nullum
1620 583 1689 610 au·

431 633 510 660 tem
524 651 536 667 ,
549 634 594 660 ne
609 623 695 674 quis
711 621 746 661 se
760 621 972 670 frustretur,
997 622 1174 661 Corinthi
1188 622 1362 674 Lyceum
1377 636 1387 669 ;
1405 635 1453 660 ne
1466 623 1567 676 apud
1580 623 1690 662 Liba·⁴
1737 671 1741 676 .

433 674 540 713 nium
559 677 710 726 quidem
730 675 801 715 Or.
821 676 897 715 VII
919 689 990 726 pro
1009 675 1260 728 Aristophane
1283 675 1489 716 Corinthio
1507 689 1591 729 pag.
1613 691 1689 731 2¹9
1732 682 1735 717 J

430 729 482 820 a.
497 730 636 781 quibus
650 729 782 769 verbis
795 731 832 768 in
847 742 1017 769 errorem
1034 729 1158 769 induci
1170 738 1320 782 poterat
1339 729 1472 782 aliquis
1492 730 1691 770 incautior.
1733 756 1736 763 ι

477 792 603 822 ΕΜςτ.

487 836 566 875 ibid.
589 834 769 888 Κράνειον)
786 835 863 875 Ubi
877 835 1074 888 Diogenes
1091 835 1168 885 ipse
1188 834 1265 875 fere
1285 835 1518 885 versabatur,
1535 847 1650 890 atque
1668 850 1692 878 e
1747 853 1748 859 ¹

432 888 539 928 vivis
553 891 700 928 tandem
717 889 879 928 excessit.
892 889 1009 941 Diog.
1021 890 1145 929 Laert.
1162 902 1247 941 pag.
1267 903 1280 927 ι
1292 889 1337 942 58
1351 889 1396 928 C.
1412 889 1611 944 ἐτύγχανε
1622 890 1691 940 μὲν
1736 892 1748 923 ξ’

433 944 516 996 *γὰρ
535 943 681 996 διάγων
702 943 736 982 ἑν
752 944 902 994 Κρανείῳ
917 942 970 991 τῷ
985 947 1052 995 προ
1070 941 1136 982 τῆς
1150 942 1300 994 Κορίνθου
1314 946 1526 996 γυμνασίῳ.
1545 944 1585 984 &
1601 945 1688 984 vide
1738 946 1741 978 ³-

432 996 547 1035 etiam
568 996 740 1036 nostrum
758 1010 905 1048 cvy‘yp.
918 1009 950 1036 c.
967 1012 1008 1049 3,
1032 997 1072 1035 δι
1088 996 1247 1035 Pausan.
1261 996 1436 1037 Corinth.
1451 998 1692 1049 κυπαρίσσων

433 1049 565 1090 ἄλσος.
589 1050 704 1103 Apud
718 1062 922 1102 utrumque
943 1051 993 1089 ita
1005 1049 1191 1096 scribitur,
1212 1063 1288 1090 non
1303 1050 1461 1100 Κράνιον,
1476 1052 1565 1089 utin
1581 1052 1691 1102 impr.
1740 1087 1742 1090 .

435 1102 612 1141 scribitur
627 1118 765 1157 συγγρ.
782 1116 815 1142 c.
831 1119 847 1156 3
865 1107 903 1142 ὄι
915 1104 975 1155 63.
999 1103 1069 1143 Sed
1080 1103 1119 1142 &
1135 1104 1208 1142 illic
1218 1106 1286 1142 W.
1300 1105 1461 1154 Κράνειον
1475 1105 1597 1144 habet.
1625 1104 1691 1144 An

434 1155 617 1195 Corinthi
638 1159 752 1196 etiam
766 1157 961 1207 Lycaeum
976 1156 1104 1202 fuerit,
1119 1169 1303 1209 quaerant
1314 1158 1385 1196 alii.
1407 1158 1503 1196 Mihi
1520 1157 1606 1198 satis
1619 1158 1692 1207 est,
1742 1167 1748 1204 ’,

435 1208 662 1262 Menippum
676 1211 834 1249 Athenis
849 1211 1046 1263 degentem
1068 1223 1270 1263 antequam
1296 1223 1429 1260 captus
1452 1212 1694 1260 venderetur,
1744 1230 1748 1249 ι

435 1263 639 1314 Lycaeum
655 1263 915 1317 frequentafl'e.
931 1265 1029 1303 Vide
1042 1265 1192 1303 Arrian.
1206 1266 1243 1303 in
1258 1264 1375 1317 Epi&
1391 1278 1466 1318 337
1477 1265 1519 1303 Β.
1534 1264 1693 1305 SOLAN.
1744 1286 1745 1289 ¹

491 1318 525 1355 in
539 1319 655 1357 Schol.
667 1320 729 1357 col.
745 1332 773 1357 1.
787 1318 809 1355 l.
821 1331 857 1366 7.
872 1320 888 1336 ³*
900 1317 919 1336 '⁴‘
930 1316 947 1335 ³¹
961 1317 1214 1371 Πολυὲεύκην)
1229 1319 1301 1357 Hic
1316 1318 1449 1357 lacuna
1469 1328 1551 1357 erat
1565 1320 1601 1358 in
1618 1319 1692 1358 Ms.

434 1369 546 1409 sedin
560 1385 639 1423 qua
652 1372 770 1410 multa
782 1370 902 1411 deesse
917 1384 994 1410 non
1007 1371 1196 1410 videntur.
1217 1371 1342 1410 CLER.
1363 1371 1488 1410 Immo
1500 1372 1537 1411 in
1554 1375 1596 1412 V.
1614 1372 1695 1425 spa·

436 1425 532 1464 tium
547 1425 600 1464 est
614 1435 785 1478 quatuor
800 1423 979 1464 versuum
992 1455 1004 1471 ,
1027 1425 1065 1464 &
1083 1425 1167 1478 post
1186 1438 1254 1464 eos
1271 1425 1441 1466 scribitur
1455 1420 1693 1466 Πολυδεύκην

439 1507 538 1518 .....
552 1480 680 1524 συνέβη
695 1482 758 1519 τ“ον
768 1479 837 1530 μὲν
849 1493 908 1518 και.
921 1508 928 1517 .
941 1510 947 1517 .
961 1510 970 1518 .
981 1510 988 1517 .
998 1476 1044 1518 ὦς
1057 1475 1141 1517 ὑπὸ.
1152 1478 1294 1518 GRON.
1308 1479 1403 1519 Satis
1412 1491 1585 1532 apparet,
1595 1481 1697 1532 prio-

435 1544 519 1572 rem
536 1532 739 1572 Castorum
759 1532 910 1573 fabulae
925 1543 1070 1585 partem
1088 1533 1260 1572 interiiss'e
1273 1543 1409 1572 totam.
1435 1532 1555 1583 Quae
1567 1534 1696 1573 abillo

438 1587 642 1638 principio,
658 1587 769 1637 ἄμφω
779 1587 846 1636 μὲν
859 1585 973 1641 ᾔστην
989 1586 1061 1626 &c.
1085 1586 1307 1638 sequuntur,
1325 1587 1416 1639 quin
1432 1588 1478 1625 ad
1492 1587 1605 1627 huius
1618 1588 1696 1626 dia-

439 1640 520 1692 logi
543 1644 603 1679 σὸν
618 1642 698 1694 ’γάρ
715 1642 827 1689 ἐστιν,
844 1640 971 1689 οἶμαι,
986 1643 1028 1678 τὸ
1044 1639 1246 1685 ἀναβιῶναι
1265 1639 1383 1692 αὔριον
1396 1640 1588 1680 referenda
1601 1641 1672 1680 fint
1684 1671 1698 1688 ,

436 1706 547 1732 extra
563 1695 719 1734 dubium
732 1694 796 1733 est.
810 1695 992 1734 Ceterum
1008 1696 1099 1733 oriri
1118 1705 1269 1746 poterat
1283 1693 1464 1747 suspicio,
1476 1707 1576 1746 quae
1590 1707 1697 1746 prae?

438 1748 599 1795 cedunt,
620 1749 657 1787 in
674 1749 836 1787 alienum
853 1746 926 1787 ess'e
941 1748 1088 1794 locum,
1111 1748 1215 1801 quod
1242 1747 1300 1787 sae
1329 1749 1388 1788 ius
1413 1748 1449 1787 in
1472 1748 1526 1788 his
1547 1747 1699 1789 scholiis

438 1801 636 1853 contigisse
649 1803 804 1841 memini
819 1831 829 1847 ,
846 1802 1023 1841 translata
1037 1831 1046 1847 ,
1065 1802 1104 1842 &
1119 1803 1283 1854 pertinui
1315 1815 1336 1841 e
1350 1803 1512 1854 primum
1527 1801 1572 1841 ad
1589 1810 1633 1841 Δ.
1649 1809 1694 1841 Θ.

440 1855 587 1895 XXVI.
601 1856 651 1894 ibi
667 1857 766 1895 enim
780 1886 790 1901 ‚
804 1868 902 1907 quae
913 1868 932 1894 a
946 1856 1116 1895 Luciano
1127 1856 1346 1903 traciantun
1359 1856 1421 1894 hic
1435 1857 1561 1894 itidem
1578 1857 1698 1908 expli-

439 1909 516 1947 cari
537 1920 650 1962 patet.
667 1910 739 1948 Pro
753 1908 826 1947 ὑπὸ
844 1909 1024 1960 ἀνθρώπου
1034 1910 1090 1949 Μ.
1103 1910 1234 1949 Sladus
1247 1909 1317 1949 ἀπ’
1333 1910 1396 1950 vel
1413 1909 1504 1957 ἀπὸ,
1517 1911 1621 1962 quod
1637 1920 1700 1950 ne-

439 1962 639 2002 ceffarium
652 1976 730 2003 non
749 1962 812 2002 est.
837 1964 1004 2002 HEMST.

494 2017 574 2055 ibid.
589 2018 612 2055 l.
627 2031 640 2055 1
651 2032 684 2055 2.
702 2017 921 2068 Ἐλὺπιισεν)
936 2018 1085 2056 Lacuna
1099 2016 1135 2054 in
1154 2017 1196 2054 V.
1208 2017 1271 2055 ἐλυ
1287 2046 1388 2055 .....
1401 2016 1558 2056 SOLAN.
1578 2017 1622 2056 In
1637 2018 1695 2056 ed.

440 2069 493 2107 A.
511 2084 642 2122 parum
664 2071 795 2110 dextre
815 2070 988 2110 lacunam
1004 2071 1099 2109 hanc
1121 2070 1289 2123 explevit
1311 2069 1392 2109 sive
1412 2070 1605 2116 Clericus,
1632 2070 1698 2110 seu

441 2123 687 2164 Scholiorum
710 2123 927 2177 descriptor,
941 2137 1007 2177 per
1023 2125 1206 2163 ἐλύπησεν
1218 2125 1363 2164 ειὲὶίνειε
1385 2124 1592 2177 potestatis:
1615 2125 1700 2163 έλυ-

440 2176 552 2223 -πήθη,
568 2180 673 2230 quod
691 2179 796 2217 rei&
812 2179 970 2230 ingenio
985 2179 1134 2231 linguae
1144 2179 1396 2230 congruebat,
1408 2178 1604 2218 restituere
1619 2191 1699 2218 non
1747 2195 1748 2229 ῃ

441 2229 525 2268 sum
539 2234 699 2272 veritus.
730 2234 895 2271 HEMST.

495 2286 573 2323 ibid.
588 2287 609 2323 l.
629 2300 686 2334 14.
702 2285 813 2336 ium)
833 2287 986 2325 Lacuna
1001 2285 1039 2324 in
1060 2288 1095 2323 V
1093 2315 1211 2324 ......
1234 2285 1390 2324 SOLAN.
1415 2285 1537 2325 Recie
1550 2283 1622 2324 fuit
1643 2284 1698 2324 sa-

441 2349 541 2377 nata.
562 2340 686 2379 Schol.
705 2340 749 2378 ad
766 2341 926 2385 Homeri
942 2339 1017 2378 Od.
1030 2344 1071 2387 A,
1089 2353 1180 2391 303,
1199 2341 1357 2392 exponit
1372 2336 1586 2391 ἑτερήμεροι,
1597 2339 1692 2389 μίαν

442 2395 551 2444 παρὰ
564 2395 654 2442 μίαν
668 2391 800 2443 fruebar
818 2392 958 2439 ζῶντες.
981 2394 1141 2432 HEMST.

442 2462 447 2465 ·
497 2447 573 2485 ibid.
586 2449 648 2486 col.
666 2448 729 2485 2.l.
748 2461 780 2485 2.
793 2444 851 2495 Τῷ
862 2475 952 2486 .....
970 2447 1139 2498 namne.)
1153 2445 1293 2486 Oratio
1309 2446 1447 2486 crebris
1462 2446 1626 2484 hiatibus
1639 2445 1699 2484 de-

441 2501 594 2541 formis:
616 2513 742 2554 neque
761 2512 888 2540 tamen
905 2501 1114 2541 admodum
1124 2500 1175 2539 est
1186 2499 1420 2540 laboriosum
1435 2500 1528 2539 haec
1542 2498 1700 2540 vulnera
