1748 3420
428 214 520 260 260
627 202 1505 252 ANNOTATIONES

425 292 633 340 βουλῆσῧαι
648 288 696 332 ὣς
710 290 872 331 ἔλαττόν
885 306 942 331 σοι
958 288 1013 331 νῧν
1028 291 1286 343 προσ-έχοντα·
1310 291 1363 330 ibi
1377 290 1583 343 Berglerus
1597 290 1702 333 hunc

425 350 559 388 locum
574 357 687 385 norat
701 376 714 392 ‚
736 345 924 398 saepeque
942 345 1069 384 omitti
1086 347 1147 383 τον
1161 341 1236 383 νοῦν
1249 344 1441 384 observat.
1458 346 1623 385 HEMST.

482 403 554 440 ead.
573 400 596 438 l.
615 401 674 439 16.
691 400 759 438 Τὴν
774 401 867 448 νόμῳ
885 397 1085 451 γαμετὴν)
1103 397 1237 436 Attica
1250 396 1433 438 formula:
1447 411 1498 437 ex
1513 399 1586 438 alia
1600 400 1703 441 enim

426 455 530 495 nulla
547 453 706 506 legitimi
728 453 835 492 liberi
855 452 1172 505 procreabantur,
1191 450 1257 490 nisi
1278 465 1377 504 quae
1397 453 1480 504 lege
1500 453 1706 492 convenis-

426 508 481 548 set
498 509 537 547 in
559 519 713 546 manus:
735 507 774 545 in
789 506 892 546 Tim.
914 507 930 556 §
946 520 997 556 .17
1013 506 1162 545 locutio
1177 505 1287 557 plena
1299 535 1310 551 ‚
1328 506 1516 557 ἐλευθέραν
1529 506 1704 560 ’γυναῖκα

427 563 481 602 εἰς
495 563 560 601 τῖον
577 561 692 600 οὶκίαν
707 561 801 610 νόμῳ
818 560 1053 612 παραλαβὼν
1068 560 1127 598 ἐπ’
1149 558 1268 611 &pb-rep
1281 558 1429 598 παίὸων
1444 561 1616 611 γνησίων.
1629 560 1703 600 Δὶς

428 621 528 655 Κατ.
551 615 565 665 §
591 630 651 668 29.
668 622 714 654 Δ.
729 615 803 653 ‘hm
817 614 909 661 VH,
925 613 1021 663 νόμῳ
1036 628 1078 652 σε
1093 611 1273 665 ’γαμετὴν
1285 611 1500 652 ποιήσεται.
1514 612 1632 666 Apud
1646 614 1705 653 A-

427 668 640 709 thenienses
660 681 789 707 autem
806 669 970 706 maxime
984 668 1172 706 debebant
1194 666 1392 706 observari
1406 667 1443 704 in
1465 668 1706 707 contrahen-

429 724 486 763 dis
499 724 640 776 nuptiis
652 722 678 761 οἱ
696 724 792 774 νόμοι
808 721 836 760 οἱ
849 722 931 773 περὶ
945 720 1029 760 τοὺς
1040 721 1208 774 γάμους,
1220 729 1264 758 ut
1279 720 1387 759 Plato
1399 720 1464 759 ait.
1479 721 1614 760 Utitur
1625 721 1705 762 hoe

427 779 520 818 loco
534 779 777 817 Burmannus
791 776 836 814 ad
851 774 1034 827 Calpurn.
1049 774 1077 812 F
1080 775 1173 813 laec.
1189 788 1226 826 p.
1240 773 1330 813 820.
1345 775 1509 813 HEMST.

487 835 560 871 ead.
576 833 598 870 l.
621 832 728 881 17.''H
745 828 922 882 σάτυρος)
936 828 1080 868 Deerat
1094 828 1258 879 Satyrus
1274 828 1312 866 in
1326 829 1514 880 vulgatis:
1533 841 1583 868 ex
1598 828 1627 868 1.
1639 837 1708 868 rei

431 885 636 925 stituimus.
652 884 756 923 Alibi
780 882 925 936 saepius
947 883 1083 922 eodem
1105 882 1235 923 alludit
1247 895 1260 929 3
1278 892 1321 920 ut
1337 880 1447 934 supra
1464 882 1502 920 in
1514 881 1643 921 Prom.
1662 882 1706 922 &

430 941 473 979 in
486 939 591 979 Dial.
606 939 693 979 Iov.
710 940 750 978 &
764 937 867 990 Cup.
887 937 927 976 &
944 942 981 975 Z.
994 951 1049 987 τρ.
1069 949 1100 976 c.
1123 950 1158 975 2.
1176 936 1239 974 Ad
1253 937 1422 987 primum
1437 935 1567 975 locum
1582 935 1705 976 Scho-

429 993 555 1033 liastes
573 994 617 1032 de
629 992 804 1045 Antiopa
821 990 1104 1044 intelligendum
1119 990 1241 1030 docet.
1253 990 1306 1029 V.
1327 990 1367 1029 &
1383 984 1502 1030 Ovid.
1517 989 1708 1036 Met.V1,

435 1061 452 1087 1
468 1061 528 1093 ιο,
544 1047 584 1087 &
596 1046 703 1086 Paus.
720 1046 749 1085 1.
764 1047 921 1085 SOLAN.

490 1102 582 1152 Pag.
600 1116 659 1149 14.
676 1102 699 1140 l.
720 1114 752 1140 1.
767 1100 817 1139 '15
821 1099 899 1139 αῖον
911 1097 1018 1138 τουτὶ
1030 1097 1211 1150 παιδίον)
1233 1095 1423 1137 Aristonis
1443 1096 1571 1150 Epigr.
1584 1096 1709 1139 Arith.¹

433 1154 476 1201 I,
494 1169 526 1195 c.
542 1155 588 1207 83
607 1168 615 1193 :
639 1155 826 1207 Πριομένα
841 1153 975 1192 κάλλει
997 1151 1229 1202 Γανυμήδεος
1250 1148 1335 1191 εἷπε
1347 1150 1426 1190 ποθ’
1438 1146 1521 1202 “Hpn
1535 1152 1708 1202 Θυμοβό-

433 1223 493 1261 pov
514 1209 628 1259 ζαλου
651 1210 788 1260 κέντρον
813 1207 966 1259 ἔχουσα
986 1206 1061 1257 νέῳ.
1084 1207 1186 1245 Mox
1210 1204 1309 1257 ἶιμῖν,
1333 1205 1440 1258 quod
1461 1205 1708 1246 Graevianus

432 1262 572 1302 Codex
588 1263 712 1309 dabat,
728 1261 1005 1300 adsciscendum
1019 1261 1126 1308 duxi,
1144 1272 1378 1312 quamquam
1396 1259 1487 1298 nihil
1503 1272 1708 1313 magnope-

434 1330 477 1356 re
491 1316 634 1356 interfit
645 1316 692 1355 ad
706 1315 850 1355 sensum
867 1327 932 1354 aut
944 1315 1132 1354 orationis
1143 1314 1380 1366 elegantiam.
1395 1313 1442 1352 In
1463 1314 1526 1353 ἐπὶ
1541 1313 1708 1362 κεφαλὴν

435 1370 614 1423 ἐπαχθὲν
639 1370 852 1423 proprietas
867 1369 1056 1422 quaedam
1079 1367 1132 1407 est
1149 1367 1290 1408 Graeci
1307 1367 1517 1413 sermonis,
1540 1366 1604 1408 seu
1627 1381 1709 1408 ma-

435 1425 496 1465 vis
519 1425 672 1465 Atticae
692 1423 922 1471 venustatis,
943 1436 1042 1476 quae
1063 1420 1169 1461 sensu
1194 1421 1305 1460 citius
1325 1421 1568 1474 percipiatur,
1589 1434 1708 1475 quam

434 1479 568 1518 verbis
579 1479 830 1533 explanetur:
851 1477 947 1517 solet
962 1487 1090 1516 autem
1112 1476 1149 1514 in
1163 1475 1318 1515 diversis
1331 1475 1554 1514 orationum
1570 1473 1708 1517 formis

434 1533 612 1587 usurpari
623 1533 772 1573 variata
789 1530 986 1585 potestate.
1001 1529 1171 1583 Cognita
1181 1528 1202 1568 s
1198 1541 1267 1569 unt
1281 1540 1396 1582 atque
1411 1529 1587 1582 expedita
1599 1528 1709 1580 ὠθεῖν,

437 1588 582 1641 ῥίπτειν
599 1587 661 1626 ἐπὶ
683 1586 859 1635 κεφαλὴν,
873 1586 1084 1638 praecipitem
1102 1585 1138 1623 in
1155 1596 1257 1638 caput
1274 1587 1352 1623 dare
1364 1598 1376 1622 .·
1396 1585 1518 1623 rarius
1531 1583 1571 1623 δι
1586 1584 1708 1637 paulo

437 1643 559 1694 magis
575 1641 814 1682 reconditum
827 1639 916 1679 illud
931 1637 1205 1678 Demosthenis
1223 1638 1309 1678 adv·
1323 1637 1462 1677 Phaen.
1486 1651 1524 1691 p.
1544 1650 1643 1687 1024
1653 1638 1706 1678 A.

437 1694 677 1750 ›i‘ywa'epaevot
695 1693 732 1732 θ’
749 1694 826 1748 ἐγὼ
841 1696 904 1733 καὶ
920 1696 1069 1745 μετρίου
1084 1692 1149 1731 καὶ
1164 1693 1410 1746 ἀπράγμονος
1424 1687 1514 1733 εἶναι
1531 1695 1710 1741 πολίτου,

436 1752 489 1802 μὴ
507 1749 606 1789 εὐθὺς
628 1748 692 1789 ἐπὶ
705 1748 866 1796 κεφαλὴν
881 1747 931 1788 εἰς
943 1749 988 1786 τὶ)
1004 1744 1236 1799 ἒικαστίτριον
1257 1745 1447 1798 βαδίζειν,
1465 1746 1584 1798 gradu
1599 1758 1710 1799 prae-

439 1805 567 1857 cipiti,
586 1802 712 1843 subito
728 1804 873 1856 impetu
887 1833 898 1851 ,
918 1801 1100 1854 nullaque
1119 1813 1229 1840 mora
1250 1798 1482 1853 interposita.
1501 1799 1646 1840 Iterum
1668 1814 1710 1840 a-

438 1858 520 1898 liud
533 1856 586 1898 est
601 1871 673 1911 pro
686 1857 779 1897 Cor.
797 1871 832 1909 p.
851 1870 919 1909 521
942 1856 993 1895 A.
1010 1856 1103 1895 τίνες
1122 1852 1168 1894 ὣς
1191 1854 1334 1894 ἀληθῶς
1350 1854 1456 1900 εἰσιν,
1474 1849 1527 1894 οἷς
1548 1854 1594 1894 ἐὶν
1616 1854 1710 1893 sinci-

438 1927 515 1952 τως
534 1913 597 1951 καὶ
613 1911 770 1951 δικαίως
782 1910 848 1950 τὴν
861 1910 932 1949 τῶν
947 1924 975 1962 ‘y
986 1909 1212 1963 ε’γενημένων
1227 1908 1354 1948 αἰτίαν
1367 1907 1431 1948 ἐπὶ
1443 1907 1608 1955 κεφαλὴν
1621 1908 1710 1948 ἀνοι-

438 1966 526 2005 esser
546 1963 730 2005 ἅπαντες.
745 1966 816 2004 His
829 1977 956 2003 tamen
967 1963 1231 2011 consideratis,
1247 1975 1329 2002 non
1343 1962 1483 2002 difficili
1494 1962 1557 2001 via
1573 1975 1711 2015 perve-

438 2022 543 2060 nitur
562 2021 608 2059 ad
622 2019 930 2072 intelligendum,
947 2018 1037 2071 quid
1049 2016 1116 2057 fibi
1126 2017 1299 2056 voluerit
1310 2016 1518 2056 Lucianus.
1537 2016 1711 2068 Maligne

441 2088 542 2116 vero
563 2073 753 2126 ἐπαχθέν·
771 2086 861 2112 nam
883 2073 1065 2125 ἐπάγειν,
1083 2071 1253 2124 {micci-y
1261 2085 1329 2118 ειν,
1348 2071 1506 2110 obducere
1521 2071 1710 2110 meretricu-

440 2130 532 2177 lam,
549 2129 722 2181 pellicem,
737 2128 973 2179 fitperducere:
992 2126 1093 2165 unde
1110 2124 1288 2178 γυναῖκες
1310 2124 1545 2164 ἐπείσακτον
1569 2124 1711 2165 clarius

438 2185 550 2222 etiam
566 2183 604 2221 in
618 2181 863 2235 sequentibus
876 2181 976 2220 luno
990 2190 1155 2219 mentem
1168 2177 1273 2218 suam
1287 2178 1420 2231 aperit.
1437 2178 1604 2217 HEMST.

493 2237 604 2277 κάλ.
623 2251 657 2275 2.
677 2234 848 2275 Συνοικεῖ
866 2233 924 2274 νῦν
949 2234 1012 2274 ἐπὶ
1030 2233 1127 2287 κεφ.)
1151 2232 1328 2273 Omnino
1346 2245 1394 2271 ex
1417 2231 1490 2271 Ms.
1513 2231 1619 2285 lege:
1642 2230 1713 2272 καὶ

437 2290 601 2331 συνοικεῖ
610 2288 695 2338 ἦμῖν
711 2289 767 2329 νῦν
786 2290 847 2328 ἐπὶ
863 2287 1022 2335 κεφαλήν
1040 2303 1104 2337 μοι
1119 2285 1299 2340 ἐπαχθέν.
1312 2286 1448 2338 Vulgo
1469 2282 1554 2336 ἧμῗν
1566 2286 1713 2326 omitti-

438 2346 542 2384 titur.
561 2344 734 2384 GRAEV.
747 2342 913 2383 Συνοικεΐ
930 2339 1012 2392 ῗιμῖν
1026 2339 1082 2382 νῦν
1100 2341 1177 2381 &c.
1192 2340 1264 2380 Ms.
1284 2338 1353 2379 Gr.
1376 2339 1416 2380 Ρ.
1427 2352 1528 2380 vero
1544 2339 1584 2379 δι
1602 2340 1660 2380 ed.
1675 2339 1710 2379 Ῑ.

437 2396 523 2448 ὑμῖν
540 2397 681 2451 absque
695 2395 769 2445 νῦν,
783 2398 889 2450 quod
910 2397 949 2434 in
962 2396 1121 2448 reliquis
1139 2396 1218 2434 edd.
1235 2395 1368 2434 exstat.
1387 2393 1499 2446 Quid
1513 2393 1558 2433 sit
1578 2405 1710 2434 autem

437 2453 498 2493 hic
509 2453 574 2492 ἐπὶ
587 2453 764 2500 κεφαλὴν,
776 2450 898 2491 fateor
911 2463 972 2489 me
993 2449 1152 2491 nescire:
1169 2445 1224 2500 τῷ
1247 2448 1351 2502 λόγῳ
1365 2448 1458 2502 quid
1475 2447 1544 2498 sit,
1565 2447 1710 2489 ἀίξὶιιπι

436 2507 490 2548 est
509 2506 620 2561 supra
633 2506 678 2546 ad
692 2510 777 2557 Τιμ.
791 2518 824 2545 c.
845 2519 876 2559 5.
894 2504 1053 2545 somn.
