1748 3420
188 220 278 268 ΙΝ
321 220 763 268 DIALOGOS
813 220 1178 272 DEORUM.
1227 234 1320 290 323'

3 355 12 361 θ
56 322 141 351 non
153 310 355 352 absurdum
368 312 422 352 est
434 344 446 362 ‚
469 314 644 354 librarios
655 313 813 353 solemni
831 314 1000 355 facinore
1014 317 1142 358 Πειθοῖ
1152 317 1320 369 ignotius

3 381 7 387 ·
59 365 269 405 immutasse
283 367 319 404 in
331 368 455 405 Πίτυϊ.
473 367 590 419 Quae
609 368 724 420 paulo
738 367 820 420 post
839 368 1034 420 leguntur,
1053 368 1157 420 ῗιμεῖς
1171 371 1214 409 Σὲ
1229 369 1320 409 isca-

55 433 126 469 μεν
141 417 291 467 ταῦτα,
312 421 404 458 mihi
416 420 502 460 sane
525 434 604 460 non
620 422 787 474 placent,
804 434 928 474 neque
949 423 1045 462 adeo
1065 424 1247 475 yidentur
1262 425 1319 463 in-

61 482 180 524 tegra.
195 473 360 512 HEMST.

112 528 185 563 ead.
205 526 228 563 I.
250 539 308 578 13.
332 526 473 578 Πίτυϊ)
499 526 600 566 Suid.
624 527 660 565 in
681 527 809 578 Pitys:
833 528 962 566 Nonn.
992 527 1161 580 Dionys.
1186 529 1250 568 lib.
1270 544 1314 577 2,

60 577 229 630 Propert.
251 578 313 618 lib.
332 594 363 618 1.
387 580 491 619 Male
511 580 549 618 in
571 580 793 632 quibusdam
811 581 938 619 Πυτοῖ.
962 581 1004 619 In
1029 583 1179 633 Anglic.
1196 583 1318 623 Πυθοῖ.

15 661 18 663 Α
57 630 229 671 BOURD.
249 632 364 684 Pityn
385 633 491 671 aiunt
512 634 676 694 puellam
700 633 825 678 fuiffe,
846 647 866 671 a
880 634 979 673 Pane
1001 633 1108 674 simul
1130 635 1169 673 δι
1191 636 1318 676 Borea

59 685 297 732 adamatam,
319 698 419 737 quae
444 699 630 738 quoniam
654 686 745 725 Pani
759 688 878 739 magis
898 687 1066 736 favebat,
1089 701 1110 726 a
1131 689 1256 727 Borea
1276 690 1319 728 il·

57 737 122 777 lisa
133 739 171 777 in
187 738 388 791 scopulum
405 750 567 778 mortem
579 739 728 779 obibat:
743 751 781 778 at
796 753 845 779 ne
859 751 941 778 tota
957 742 1109 793 periret,
1125 741 1256 781 Tellus
1269 755 1318 781 ex

58 804 121 837 eo,
142 793 247 844 quod
266 792 455 844 reliquum
473 804 566 839 erat,
581 793 757 832 arborem
775 794 970 840 produxit,
989 807 1103 846 quam
1122 795 1242 833 Latini
1255 808 1319 847 ap-

59 845 200 899 pellant
208 846 340 898 pinum,
357 846 467 884 cuius
481 859 608 885 ramos
619 843 829 885 coronatus
843 846 1038 898 pastorum
1052 847 1162 886 Deus
1175 847 1320 899 gestare

58 909 169 938 amat.
183 899 308 938 Lm).
326 898 442 937 Πυθοῖ
453 898 618 951 Ang1.P.
632 899 674 938 L.
690 899 732 939 δι
745 900 799 938 ed.
812 900 840 937 I.
856 900 1009 952 Reliqui
1023 901 1144 939 Πίτυϊ.
1159 900 1319 942 SOLAN.

113 952 206 1003 Pag.
222 966 286 1004 79.
306 952 329 990 l.
347 951 382 990 8.
396 952 437 989 Ti
450 953 494 991 ἂν
506 955 680 1006 λέγοιμεν
695 952 773 1003 ὃμ.)
792 952 882 991 Non
896 953 1074 1004 aptiffime
1089 953 1318 994 cohaerent:

58 1004 295 1044 distinffione
318 1004 520 1057 separanda
545 1004 702 1051 censeo,
733 1005 773 1044 τί
796 1005 841 1044 ἂν
863 1007 1059 1058 λέγοιμενς
1081 1007 1321 1059 ὁμομητρίους

60 1057 250 1106 ὰὸελφοὺς
264 1054 368 1099 εἶναι.
383 1059 543 1111 Alioqui
558 1072 635 1098 non
650 1058 806 1098 absurde
818 1058 926 1098 scribi
940 1071 1089 1112 poterat
1099 1091 1109 1108 ‚
1125 1062 1187 1099 Τίς
1199 1061 1243 1100 ἂν
1257 1063 1319 1100 λέ·

59 1126 124 1165 7⁰¹
141 1111 250 1162 ὁμομ.
267 1113 345 1152 &c.
358 1111 421 1151 De
433 1112 490 1151 his
501 1112 681 1152 fratribus
692 1111 937 1151 diffimiliimis
956 1114 1042 1153 vide
1057 1114 1094 1152 P.
1107 1114 1319 1155 Burmann.

63 1165 110 1204 ad
123 1164 240 1206 Ovid.
263 1166 420 1204 Metam.
434 1165 505 1213 IV,
527 1166 602 1205 288
614 1196 627 1212 ,
643 1166 710 1205 ubi
724 1166 878 1205 Luciani
893 1167 1086 1207 meminit:
1106 1167 1151 1207 de
1165 1169 1320 1209 Herma-

61 1219 245 1273 phrodito
260 1218 425 1259 Diodor.
438 1219 512 1259 Sic.
525 1220 597 1268 IV,
613 1233 649 1272 p.
671 1233 742 1271 150
754 1220 798 1259 B.
812 1220 973 1259 HEMST.

126 1273 162 1312 in
175 1273 290 1312 Schol.
306 1274 369 1312 col.
389 1287 421 1312 1.
436 1274 459 1312 l.
473 1288 510 1321 4.
527 1276 592 1311 Γον
614 1272 818 1325 Διένυσον)
843 1273 896 1322 τῷ
919 1273 1077 1323 Διονύσῳ
1098 1277 1139 1314 V.
1161 1274 1322 1316 SOLAN.

59 1325 164 1365 Male
186 1338 383 1366 mutarunt
407 1327 446 1365 in
465 1327 522 1366 ed.
551 1327 602 1364 A.
626 1325 873 1379 supplendum
890 1325 1013 1367 fuerat
1034 1340 1084 1367 ex
1104 1328 1258 1370 Scholio
1274 1329 1321 1369 ad

59 1378 144 1419 Iov.
159 1380 276 1433 Trag.
291 1379 306 1428 §
320 1382 344 1420 6
355 1410 367 1428 ,
381 1383 443 1420 τον
455 1375 567 1419 αὐτον
582 1379 635 1428 τῷ
652 1380 821 1428 Διονύσῳ.
836 1380 1001 1420 HEMST.

112 1435 190 1472 ibid.
207 1435 230 1472 l.
247 1448 285 1483 7.
303 1435 445 1485 Μητρος
463 1434 482 1474 ἢ
502 1433 597 1482 Ἀφρ.
616 1433 634 1472 ἦ
654 1432 801 1486 Διένης)
817 1433 956 1473 Διώνης
968 1446 1188 1474 correxerat
1205 1436 1320 1475 etiarn

61 1486 360 1527 Matth.Sladus:
380 1486 424 1525 Σὲ
442 1499 514 1540 pro
526 1488 543 1525 53
561 1486 735 1526 Solanus.
757 1487 842 1539 Ego
856 1486 1006 1528 secutus
1017 1487 1097 1527 sum
1116 1489 1319 1529 leetionem

59 1538 199 1580 Scholii
213 1542 258 1580 ad
274 1541 360 1581 Iov,
375 1541 492 1592 Trag.
506 1540 690 1580 Ceterum
715 1541 760 1580 de
774 1540 904 1580 Dione
923 1554 1114 1581 verumne
1131 1541 1198 1588 fit,
1215 1544 1321 1582 dubi-

60 1595 133 1639 ,tari
148 1595 281 1646 potest.
300 1594 427 1634 Schol.
440 1595 606 1634 Theocr.
622 1594 667 1632 ad
688 1594 768 1633 Eid.
784 1594 820 1641 Ι,
845 1609 908 1641 21,
923 1599 988 1634 Τον
1000 1595 1161 1647 Πρίηπον
1180 1596 1320 1646 νύμφης

62 1646 206 1688 Nasos
221 1648 239 1687 ii
257 1648 382 1688 Χιόνης
393 1648 457 1687 καὶ
471 1647 643 1687 Διονύσου
657 1648 775 1696 φασιν
787 1647 867 1687 υἱόν.
881 1647 990 1700 Quid
1003 1648 1031 1687 fi
1042 1649 1179 1688 reffius
1190 1650 1228 1688 in
1242 1649 1320 1690 hoc

22 1715 24 1717 ’
61 1700 192 1741 nostro
205 1702 358 1742 Scholio
371 1714 443 1756 pro
453 1702 592 1740 Διώνης
607 1702 755 1754 legatur
770 1702 913 1749 Χιόνης
928 1701 1148 1754 Corruptus
1163 1701 1241 1742 fine
1253 1703 1322 1743 du-

60 1754 130 1794 bio
142 1755 279 1795 Strabo
293 1755 403 1803 XIII,
424 1768 507 1808 pag.
527 1755 603 1807 879
617 1756 665 1794 A.
685 1755 762 1794 εϊτε
782 1754 836 1803 τῷ
851 1756 1040 1808 Myro-&ou
1055 1755 1234 1794 Διονύσου
1255 1756 1323 1797 καὶ

61 1808 212 1859 Νύμφης
221 1809 293 1849 τῶν
305 1808 408 1855 θεῶν,
423 1809 652 1861 ὁρμησάντων
664 1809 776 1847 ἐπὶτὸ
788 1807 901 1859 τιμᾷν
912 1806 1025 1849 adm
1037 1808 1110 1849 τῶν
1121 1809 1322 1861 ἀνθρώπων·

61 1862 124 1908 illa
137 1862 212 1902 τῶν
227 1862 336 1909 θεῶν,
347 1874 689 1915 quantumcunque
701 1863 984 1915 interpretando
995 1863 1144 1902 mollire
1156 1874 1322 1905 conetur

60 1915 111 1956 G.
125 1916 265 1969 Cuper.
281 1918 326 1956 ad
347 1917 483 1956 Marm.
499 1917 591 1956 Ant.
615 1929 651 1968 p.
674 1929 764 1969 300,
785 1917 1002 1956 orationem
1017 1917 1173 1956 vitiant:
1194 1917 1324 1958 nescio

63 1982 112 2008 an
126 1971 261 2010 melius
273 1970 318 2009 fit
332 1970 503 2010 futurum
520 1969 691 2009 restituto
706 1969 857 2020 Νύμφης
870 1969 917 2008 τιῖ
920 1985 937 2009 ς
952 1970 1092 2010 Χιόνης·
1108 1970 1321 2011 scabritiem

62 2024 272 2064 verborum
289 2036 392 2064 certe
403 2023 600 2064 sustuleris.
610 2025 764 2063 Venere
775 2035 902 2063 tamen
914 2035 1042 2063 ortum
1057 2023 1129 2064 effe
1140 2025 1322 2077 Priapum

64 2077 196 2131 plures
221 2077 369 2126 ferunt3
394 2077 539 2131 ipfique
559 2077 826 2130 Lampsaceni,
846 2077 938 2116 tanti
961 2078 1128 2118 numinis
1151 2079 1322 2119 cultores

63 2133 277 2184 praecipui,
298 2130 610 2185 persuafiffimum
628 2131 831 2180 habebant,
851 2130 941 2171 teste
962 2130 1116 2172 Pausan.
1130 2132 1209 2179 IX,
1229 2146 1323 2187 pag.

49 2199 154 2237 771·
172 2187 337 2230 HEMST.

118 2240 196 2279 ibid.
218 2241 241 2279 l.
261 2253 320 2279 11.
338 2239 533 2293 Λειμῶοις)
558 2239 713 2290 Λιμένας
738 2240 861 2292 prima
885 2251 1044 2279 manus:
1065 2253 1158 2280 mox
1175 2239 1320 2280 fastum

62 2294 258 2343 λειμένοις,
283 2294 326 2333 &
345 2294 431 2333 hinc
449 2292 626 2343 λειμῶας,
645 2295 750 2346 quod
772 2295 810 2332 in
828 2295 871 2332 V.
892 2293 955 2333 est.
973 2293 1119 2334 GRON.
1138 2294 1209 2334 Sed
1230 2295 1322 2335 vide

14 2399 15 2402 Ἴ
65 2345 193 2387 Schol.
213 2347 258 2386 ad
274 2355 319 2386 Δ.
334 2351 391 2400 Τρ.
408 2348 473 2387 ubi
486 2346 588 2387 fecie
601 2347 793 2398 λειμῶνας.
805 2347 961 2387 SOLAN.

121 2402 210 2452 Pag.
227 2401 290 2441 80.
306 2402 329 2442 l.
344 2415 378 2440 2.
394 2401 494 2453 Πέροι
505 2400 572 2440 τοῦ
589 2399 820 2454 εὐπρεποῦς)
838 2403 913 2440 Διά
926 2404 969 2440 τὸ
988 2397 1233 2455 ὑπερμέγεθες
1253 2400 1325 2441 τοῧ

65 2453 222 2493 aisoiov.
237 2455 332 2495 Dixi
344 2455 430 2495 alibi
445 2467 453 2494 :
471 2467 614 2497 vocant
627 2456 870 2508 ἀκροπὸσὲιοι·
885 2455 931 2495 de
953 2468 1030 2508 qua
1042 2455 1206 2497 dictione
1220 2456 1323 2498 alibi.

69 2508 242 2550 Bounn.
991 2561 1028 2602 Χ

1057 2576 1079 2601 2
