1748 3420
164 203 255 251 ΙΝ
303 201 748 252 DIALoooS
801 204 1167 252 DEORUM.
1219 222 1305 269 271

33 288 123 329 alibi
144 302 246 330 voce
271 298 449 329 truncata
465 320 477 336 ,
498 290 695 342 Κράσβολοι
708 320 719 338 ,
739 289 919 336 κόλλαβοι
939 290 1169 342 Sepulcrum·
1194 302 1313 345 atque

31 343 126 383 haec
153 343 229 396 ipsa
251 343 305 382 est
330 344 445 389 ratio,
472 357 542 383 cur
564 344 750 382 κόλλοπες
775 342 917 382 fuerint
943 345 1052 391 dicti3
1073 358 1187 397 aqua
1212 359 1313 386 voce

32 410 114 437 non
131 397 202 437 alia
217 409 258 436 re
270 398 482 442 κολλάβους
496 396 630 436 distare
647 397 827 442 arbitror,
845 410 963 449 quam
977 398 1041 436 vel
1060 401 1314 451 pronuntian-

32 451 68 490 di
85 451 379 504 depravatione,
394 452 458 491 vel
472 450 620 490 dialem
634 450 858 489 discrimine.
873 451 959 490 Hos
975 452 1092 503 igitur
1103 456 1315 498 κολλάβους

31 504 206 544 Luciano
219 504 361 544 restitui
380 518 446 558 par
459 514 556 550 erat,
573 517 688 557 quem
708 516 798 542 vere
811 503 1005 543 Graevius
1019 504 1240 546 observavit
1253 525 1312 549 ac-

32 558 253 610 commodaffi»
263 559 362 610 lyrae
373 559 623 610 descriptionem
632 557 748 608 adsui
759 558 914 610 temporis
925 574 1029 598 mores
1040 574 1050 597 .·
1065 559 1156 599 locu
1162 574 1197 598 m
1211 564 1313 602 enim

31 612 138 651 illum
158 612 309 664 Hymni
334 613 372 651 in
394 612 632 652 Mercurium
646 643 657 660 ‚
678 624 768 651 cum
790 611 883 651 haec
906 611 1105 658 scriberet,
1126 614 1163 651 in
1180 616 1313 655 animo

31 664 142 706 fuiss'e
161 664 307 705 Nostro
330 666 421 706 mihi
444 665 534 704 sane
557 678 638 705 non
662 676 738 704 tam
753 676 999 717 compertum
1013 666 1181 713 videtur,
1195 682 1314 720 quam

28 719 134 760 credi
151 719 278 760 voluit
293 719 460 772 Scaliger
476 720 521 758 ad
536 719 671 758 Manil.
685 720 736 764 V,
754 733 828 772 3¹9
842 733 853 767 3
870 719 1030 772 fierique
1045 719 1156 760 facile
1170 723 1312 773 potest,

31 784 76 815 ut
89 773 135 813 de
151 786 201 813 eo
217 783 302 813 tum
313 786 363 812 ne
385 773 623 826 cogitaverit
634 772 808 825 quidem:
829 773 973 825 alioqui
995 774 1139 813 multos
1151 786 1318 827 oporte-

28 838 89 868 ret
109 828 246 867 eodem
266 825 488 880 respexisse,
507 827 576 879 qui
593 826 630 864 in
651 827 762 878 lyrae
782 838 804 865 a
828 827 1028 866 Mercurio
1048 828 1232 868 inventae
1251 830 1316 870 de-

31 881 239 934 scriptione
255 893 388 933 parum
404 894 427 920 a
449 881 625 920 Luciano
646 879 853 920 discedunt.
873 880 1077 934 Moe-7⁶25&
1090 893 1219 922 autem
1241 897 1317 937 pro

28 934 237 987 μαγάἓιον
253 935 483 988 Hartungus
496 948 544 975 ex
559 933 820 988 Moschopulo
836 935 998 987 probat3
1021 937 1126 988 quod
1144 937 1316 989 Leopar-

29 989 101 1028 dus
121 1002 454 1037 commemorans,
482 989 664 1029 iudicium
679 987 790 1028 suum
817 1001 897 1027 non
920 989 1153 1043 interponit:
1174 989 1316 1031 serrem

30 1043 228 1096 equidem,
250 1042 278 1082 fi
301 1043 510 1098 uovydd‘a,
529 1044 636 1096 quod
660 1041 883 1082 Scholiastes
907 1043 1043 1090 habet,
1064 1043 1314 1086 scriberetur:

31 1096 95 1136 sed
107 1098 202 1137 nihil
218 1096 272 1137 est
287 1127 299 1145 ,
317 1110 390 1137 cur
409 1097 611 1150 μα’γέιῶον
634 1096 719 1136 satis
739 1095 919 1136 usitatum
941 1097 1198 1150 repudiemus.
1214 1101 1316 1140 Vide

28 1161 228 1204 praeterea
242 1163 427 1204 magnum
446 1151 554 1190 illum
575 1151 689 1190 etiam
712 1151 752 1189 in
773 1163 896 1203 puero
910 1150 1097 1191 Grotium
1115 1153 1161 1192 ad
1176 1153 1317 1194 Phaen.

32 1205 191 1259 Aratip.
210 1220 251 1257 7,
271 1205 313 1244 δι
330 1206 376 1245 ad
394 1205 514 1258 Imag.
531 1220 566 1259 p.
585 1219 653 1258 54,
672 1217 729 1258 55.
749 1204 828 1244 Res
849 1204 928 1259 ipsa
948 1206 994 1246 de
1008 1217 1183 1246 veterum
1206 1208 1316 1261 lyra,

31 1259 190 1312 eiusque
205 1271 287 1299 tum
303 1259 475 1313 partibus
486 1291 497 1308 ,
514 1272 597 1298 tum
620 1272 692 1313 pro
705 1259 859 1299 diverso
871 1270 1090 1313 temporum
1108 1261 1315 1302 intervallo

31 1313 251 1354 differentia
264 1326 345 1353 non
360 1324 511 1354 tantum
527 1314 739 1354 intricatior
753 1313 832 1360 est,
853 1327 968 1366 quam
982 1324 1025 1354 ut
1044 1316 1177 1368 paucis
1196 1329 1314 1370 expe-

27 1368 102 1407 diri
117 1380 247 1421 queat,
260 1367 322 1407 sed
336 1381 567 1421 magnorum
581 1369 694 1407 etiam
709 1367 915 1408 hominum
929 1369 1128 1409 erroribus
1138 1369 1293 1424 insignis
1304 1387 1317 1411 :

28 1435 158 1475 neque
175 1423 212 1462 id
233 1422 331 1462 adeo
357 1422 596 1471 mirandum3
617 1435 710 1462 cum
734 1421 921 1461 eiusmodi
945 1421 989 1461 fit
1012 1423 1106 1462 haec
1131 1426 1314 1471 materia,

9 1485 13 1497 ³
29 1489 130 1537 quae
157 1489 237 1517 non
258 1475 327 1515 nist
351 1476 454 1516 lenta
475 1477 737 1528 diuturnaque
755 1476 1027 1523 meditatione,
1052 1477 1185 1531 saepe,
1210 1492 1314 1532 quae

30 1543 138 1582 prius
162 1531 414 1584 placuerant,
433 1530 548 1573 verso
563 1529 650 1569 stilo
674 1529 862 1576 induciis,
880 1529 1004 1583 subigi
1026 1529 1064 1571 se
1087 1543 1251 1585 patiatur
1271 1546 1316 1574 ac

28 1584 183 1624 molliri.
201 1586 366 1625 HEMST.

84 1640 164 1678 ibid.
183 1639 420 1693 Motya'estov)
439 1640 584 1693 Μαγέις
597 1638 645 1678 ab
658 1638 739 1678 aliis
752 1638 899 1679 dicitur.
915 1639 969 1680 V.
982 1638 1153 1680 Philostr.
1171 1654 1208 1694 p.
1220 1641 1316 1694 778.

30 1693 227 1747 Equuleum
241 1693 361 1733 nostri
375 1705 531 1734 vocant.
547 1693 707 1733 SOLAN.

84 1750 157 1787 eall.
173 1749 197 1787 l.
215 1762 249 1801 3.
269 1747 396 1787 Ἑπτὰ
409 1747 588 1802 χορδὰς)
615 1746 871 1787 Consentiunt
889 1760 1045 1796 omnes,
1068 1748 1316 1789 Mercurium

31 1800 108 1842 effe
119 1802 233 1854 lyrae
248 1813 500 1856 repertorem.
519 1802 592 1842 Sed
605 1802 650 1840 de
665 1814 829 1840 numero
842 1803 1074 1842 chordarum
1090 1816 1170 1842 non
1186 1804 1317 1844 itidem

30 1856 171 1909 liquet:
197 1855 308 1904 sunt,
332 1856 399 1909 qui
421 1857 573 1903 dicant,
594 1856 719 1909 primo
742 1854 849 1895 fuifi'e
864 1867 1012 1896 tantum
1029 1869 1132 1903 tres,
1152 1856 1236 1897 sunt
1250 1858 1317 1911 qui

33 1921 217 1963 quatuor.
229 1911 388 1957 Videat,
409 1911 473 1950 cui
487 1910 591 1958 liber,
611 1910 789 1950 Macrob.
805 1910 955 1949 Saturn.
974 1911 1003 1957 Ι,
1029 1925 1092 1963 19,
1111 1911 1317 1964 Pol.Virg.

31 1966 79 2004 de
95 1977 226 2005 rerum
238 1965 385 2006 invent.
402 1965 442 2012 Ι,
463 1979 526 2019 15,
539 1964 658 2004 Diod.
671 1964 742 2004 Sic.
755 1964 772 2003 I
787 1964 828 2004 &
840 1966 891 2003 V.
904 1964 1025 2004 Sentit
1040 1977 1128 2004 cum
1144 1966 1318 2006 Luciano

35 2018 175 2060 Horat.
191 2017 224 2065 I,
251 2033 266 2058 1
280 2032 295 2069 5
310 2035 319 2058 :
341 2019 454 2072 Tuque
463 2021 588 2072 testudo
601 2019 754 2071 refimare
761 2020 884 2071 septem
898 2020 1038 2058 Callida
1049 2021 1177 2058 nervis.
1188 2021 1318 2060 LEED.

87 2076 162 2114 ead.
176 2074 199 2112 l.
216 2087 253 2122 4.
267 2071 374 2124 Κᾴμὲ
392 2095 437 2102 —-
456 2072 668 2126 κιθαρίζειν)
681 2073 719 2113 Si
735 2072 838 2112 recte
853 2073 915 2111 hic
931 2074 1145 2120 Lucianus,
1171 2076 1317 2114 erravit

35 2126 291 2178 Torrentius,
314 2127 380 2179 qui
395 2127 433 2165 in
449 2127 587 2166 Horat.
602 2126 680 2167 Od.
700 2141 763 2174 21,
777 2126 815 2172 Ι,
830 2125 881 2166 s1c
893 2128 965 2166 ait:
987 2128 1139 2180 lymfibi
1152 2129 1318 2181 conaſjlz,

35 2182 212 2235 Orpheum
231 2182 365 2234 Apollo
376 2183 493 2220 docuit
501 2197 517 2228 ,·
536 2193 573 2220 at
583 2184 696 2234 postea
708 2211 720 2227 ,
740 2183 877 2220 inventa
892 2197 915 2220 a
931 2182 972 2234 se
985 2184 1116 2221 cithara
1126 2212 1139 2228 ‚
1157 2183 1185 2221 ei
1202 2184 1318 2235 lyram

36 2238 200 2289 concfft.
215 2235 373 2288 Aliquid
389 2246 516 2275 autem
533 2235 705 2275 interesse
717 2236 814 2275 inter
837 2236 949 2287 lyram
965 2235 1004 2275 δι
1022 2236 1208 2284 citharam,
1231 2236 1318 2277 satis

37 2289 128 2330 hinc
149 2290 295 2343 liquet3
309 2288 370 2329 sed
392 2290 481 2343 quid
499 2290 533 2328 id
548 2289 592 2328 sit
604 2321 614 2337 ,
634 2290 783 2329 laborat
797 2290 949 2342 quidem
967 2289 1164 2330 ostendere
1181 2291 1321 2330 Marti-

38 2343 125 2383 nius
142 2344 182 2383 in
198 2343 343 2384 Lexico
359 2343 405 2383 ad
419 2357 559 2383 vocem
574 2346 654 2395 lyra
666 2374 679 2389 ,
697 2356 735 2383 at
746 2357 862 2396 quam
880 2343 1037 2384 feliciter
1050 2345 1190 2385 iudicet
1202 2345 1319 2385 alius:

38 2410 114 2452 ego
128 2398 178 2437 ab
191 2411 241 2438 eo
253 2398 291 2437 in
308 2398 379 2438 hac
392 2411 434 2438 re
446 2411 579 2451 parum
597 2398 686 2436 redii
700 2397 926 2437 instrnciior.
945 2399 1071 2438 Lm).

94 2455 173 2491 ead.
191 2453 216 2491 I.
232 2451 268 2492 8.
282 2451 535 2504 Ὓπόπτερος)
552 2452 669 2491 Lilius
684 2452 900 2505 Gregorius
920 2453 956 2491 in
978 2453 1164 2493 Mercurii
1179 2453 1321 2504 Syma-

39 2516 167 2558 gmate
180 2504 332 2554 scribit,
354 2505 484 2549 vidisse
497 2505 534 2550 se
548 2506 732 2548 Mercurii
755 2508 960 2558 imaginem
982 2508 1019 2546 in
1040 2507 1139 2546 libro
1152 2508 1319 2559 quc-(lami
