1748 3420
121 214 199 258 IN
232 208 631 258 DIALOGOS
668 208 1178 256 MORTUORUM.
1219 224 1302 274 541

43 306 176 342 autem
191 298 423 339 ἐπίπλαστοι
434 297 605 350 ὃέικρνα,
628 297 678 338 fic
697 298 734 336 in
749 298 882 337 eodem
898 299 1101 338 Menandri
1124 301 1311 350 Μισουμέ-

44 368 91 404 νῳ
103 384 114 402 ,
130 353 343 404 Ἀποιμφιεῖ
351 355 431 405 γᾶς
443 354 486 391 το
504 351 787 391 κατάπλαστον
802 350 912 390 τοῦτο
936 350 1009 402 μοι’]
1036 353 1102 405 (an
1116 351 1220 406 6⁰53)
1240 355 1310 393 Καὶ

43 406 230 448 λανθάνειν
253 407 469 455 βουλόμενον
493 403 512 446 ἦ
536 404 627 454 μέθη
649 406 761 444 πότε·
784 418 884 457 quae
904 419 926 444 a
945 405 1059 445 Suida
1084 406 1313 447 conservata

42 474 84 500 v.
97 460 438 512 Ἀποιμφιέσοιντες,
459 459 497 498 in
524 458 679 498 Comici
700 458 886 511 Reliquiis
907 459 1100 499 Clericum
1115 459 1310 512 fugerunt.

43 514 212 554 Hmsr.

97 569 172 606 ead.
195 568 220 606 l.
239 580 254 605 1
266 580 298 606 1.
312 565 354 604 ‘O
363 565 432 616 μὲν
445 564 611 615 Βλεψίας
622 559 750 611 abac,
769 563 905 604 ἑαυτοῦ
919 566 1126 618 κατηγόρει
1143 566 1308 617 φθάσας,

43 621 186 662 πολλὴν
199 620 264 660 τὴν
276 618 418 673 ἄνοιαν)
429 619 528 659 Dele
539 620 618 659 duo
630 629 838 666 commata,
851 630 892 658 ut
904 619 1133 672 loquuntur,
1149 620 1232 673 post
1243 618 1313 660 αὖ·

42 676 108 714 τος
120 674 161 714 &
178 673 350 726 φθάσας,
361 687 460 726 quae
472 672 510 711 in
523 674 702 712 omnibus
716 672 945 711 editionibus
957 673 1256 725 conspiciuntur,
1267 675 1310 714 δε

44 728 315 781 interpretare:
334 728 428 780 prior
439 727 509 780 ipse
518 727 558 779 se
576 726 751 777 accufizvit
764 727 889 765 multae
902 728 1089 765 dementiae.
1109 726 1282 767 GRAEV.

52 816 56 820 .
99 785 173 821 ead.
185 783 207 820 l.
227 795 285 832 15.
307 778 562 833 Παρέσχοντό
575 794 618 819 τε
632 779 837 832 στένοντες)
853 780 1008 819 Amabo
1019 811 1030 825 ,
1051 781 1141 832 quid
1155 782 1218 820 hic
1230 782 1309 822 loci

43 834 99 876 est
107 835 160 885 τῷ
171 849 227 874 τε.
241 835 277 874 N
281 847 324 875 ec
340 835 375 873 id
391 833 604 887 profeGium
621 833 674 874 est
685 847 706 872 a
720 833 906 879 Lucumo,
920 834 986 886 qui
1002 833 1155 886 scripsit,
1168 850 1312 887 τερπω-

43 888 110 929 λὴν
122 891 321 941 παρέσχον
333 887 422 928 τότε
435 889 638 934 στένοντες,
653 887 842 926 attulerunt
852 888 935 926 mihi
946 887 1026 926 volu
1051 901 1151 926 ‚ratem
1164 901 1244 928 tunc
1254 905 1311 942 ge-

44 955 177 983 mentes.
205 943 380 983 GRAEV.
402 943 602 994 Παρέσχον
615 945 704 980 τότε
723 941 785 979 lV.
805 942 861 980 ed.
879 940 986 980 uti&
1003 903 1198 982 graevius
1213 944 1310 982 vidit

0 1022 1 1027 =
43 995 118 1037 effe
130 997 352 1049 legendum,
372 996 413 1047 85
427 996 578 1036 secutus
593 994 646 1035 est
658 995 836 1048 deinceps
848 994 894 1034 cl.
910 994 1124 1034 Hemsterh.
1148 996 1310 1036 Sorax.

98 1051 188 1103 Pag.
205 1049 293 1089 228.
305 1052 328 1089 l.
344 1065 381 1098 4.
393 1049 482 1102 Ἀροι
496 1053 537 1087 τὸ
553 1048 724 1101 φίλτρον)
740 1046 936 1098 Quamvis
948 1049 1028 1087 edd.
1043 1048 1282 1090 consentiant
1298 1082 1312 1100 ,

42 1116 125 1144 non
139 1116 267 1143 tamen
281 1104 415 1143 dubito
427 1133 440 1150 ,
455 1104 551 1156 quin
567 1103 701 1142 melius
717 1102 760 1141 sit
772 1100 846 1155 ἷιροι
858 1103 898 1142 τί
909 1102 1070 1154 φίλτρον.
1094 1103 1255 1143 ΗΕΜεΤ.

97 1161 169 1197 ead.
184 1158 207 1196 l.
223 1171 255 1209 5.
270 1157 512 1210 ’Ύπέργηρον)
527 1158 616 1196 Vid.
630 1157 734 1196 Dial.
752 1157 823 1205 VI,
838 1156 854 1206 §
872 1171 910 1202 2,
924 1157 986 1195 ubi
1005 1170 1140 1196 omnes
1153 1159 1234 1197 edd.
1253 1172 1313 1198 re-

43 1214 104 1254 ste
115 1208 350 1264 ὑπέργηρων,
364 1224 453 1251 cum
466 1211 503 1250 P.
518 1212 560 1250 Β.
574 1210 613 1250 &
626 1211 685 1250 Fr.
702 1212 762 1250 hic
778 1222 951 1264 peccent:
968 1211 1179 1264 eademque
1190 1225 1309 1266 opera

43 1264 350 1318 elegantiffimam
367 1265 547 1318 decrepiti
561 1264 656 1304 senis
669 1265 958 1319 descriptionem
972 1265 1137 1304 habebis.
1150 1265 1308 1306 Sotiis.

97 1321 170 1359 ead.
185 1321 208 1359 l.
231 1333 288 1370 15.
315 1324 388 1359 Βιον
400 1320 535 1371 ἄπορον
551 1319 630 1358 ἀπὸ
647 1335 681 1358 κ.
697 1321 759 1359 καὶ
774 1319 821 1373 ὃ.)
835 1319 941 1358 Nota
962 1318 1191 1372 piscatorum
1209 1333 1312 1373 pau-

42 1385 182 1427 pertas,
196 1373 237 1412 &
249 1373 462 1426 proverbio
484 1372 605 1412 dicius
617 1373 749 1413 ἁλιέων
762 1374 849 1419 βιος·
869 1385 916 1412 ea
931 1373 976 1411 de
989 1386 1029 1412 re
1041 1375 1227 1426 quaedam
1241 1375 1312 1414 ob-

42 1427 198 1467 servans
210 1427 420 1467 Burmann.
434 1427 480 1465 ad
492 1427 610 1467 Ovid.
624 1428 718 1466 Met.
729 1427 782 1466 111
793 1457 803 1474 ,
824 1427 868 1480 58
879 1440 913 1475 5,
927 1426 1030 1466 hunc
1044 1428 1159 1466 etiam
1172 1428 1310 1468 Lucia-

43 1482 83 1521 ni
97 1481 227 1522 locum
240 1481 376 1520 attulit.
390 1480 616 1520 Dicaearch.
634 1482 679 1520 de
688 1481 962 1521 Anthedoniis:
983 1479 1103 1521 ἁλιεῖς
1113 1482 1186 1520 ἀπ’
1197 1482 1313 1536 ἀγκί-

44 1550 161 1587 στρων
181 1535 244 1575 κοιὶ
267 1534 416 1587 ἰχθύων,
435 1534 488 1574 ἔτι
505 1535 532 1575 es
535 1536 550 1574 ὲ
569 1536 633 1575 καὶ
651 1535 835 1588 πορφύρας
854 1535 921 1575 καὶ
942 1536 1130 1589 σπόγγων
1151 1537 1213 1577 τὸν
1234 1537 1308 1582 βίον

42 1588 213 1644 ἔχοντες.
242 1590 407 1628 HEMST.

97 1644 190 1695 Pag.
207 1658 296 1697 229.
314 1645 337 1682 l.
350 1658 387 1692 4.
400 1642 509 1697 Ἥὸὺ)
538 1642 723 1697 Euripidis
745 1653 887 1695 putem.
906 1642 1009 1683 Vide
1030 1642 1148 1696 Iphig.
1162 1643 1254 1683 Aul.
1271 1659 1313 1686 v.

48 1697 199 1750 1250&
216 1711 229 1736 1
240 1697 379 1743 218‚&
394 1702 451 1750 Hp.
470 1702 516 1735 Μ.
530 1711 567 1736 v.
579 1697 626 1736 28
637 1712 667 1744 1,
678 1697 716 1737 8<
729 1697 881 1749 Fragm.
898 1696 1011 1737 Grot.
1023 1711 1058 1749 p.
1071 1713 1134 1746 47.
1148 1698 1309 1739 SOLAN.

97 1754 170 1790 ead.
184 1752 206 1789 l.
223 1753 257 1790 6.
281 1751 492 1802 Μειροικιεύῃ
512 1754 599 1803 πρὸς
615 1753 657 1790 ’τὸ
678 1751 765 1804 χρ.)
788 1752 968 1790 Budaeus
990 1751 1036 1790 C.
1052 1751 1092 1789 L.
1106 1751 1156 1791 G.
1179 1767 1214 1805 p.
1229 1768 1308 1806 934

43 1804 328 1858 interpretatur,
342 1807 398 1844 lta
415 1818 549 1844 mortem
564 1807 675 1844 horres
686 1835 696 1850 ‚
712 1818 752 1844 ut
764 1805 964 1857 adolescens.
979 1805 1069 1844 Non
1085 1807 1200 1845 credo
1216 1807 1313 1846 eius-

43 1860 147 1898 modi
162 1859 356 1912 potestatis
368 1859 586 1911 exemplum
598 1859 700 1898 aliud
712 1870 860 1898 certum
871 1858 1033 1911 proferri
1045 1859 1149 1912 poffe
1162 1873 1170 1899 :
1192 1860 1309 1914 longe

43 1913 236 1953 diversum
255 1912 308 1952 est
323 1913 423 1965 apud
438 1912 610 1953 Graecos
626 1912 934 1964 μειρακιεὺεσὲαι
950 1914 1044 1964 πρὸς
1063 1927 1169 1960 τινα,
1193 1926 1308 1968 atque

42 1980 93 2006 ex
115 1967 182 2007 illo
205 1980 365 2020 genere.
390 1967 495 2019 quod
517 1966 664 2007 facilius
684 1967 912 2019 intelligatur
928 1968 978 2006 ab
1001 1967 1159 2007 homine
1184 1971 1310 2022 perito

42 2020 219 2062 Graecae
235 2022 490 2074 proprietatis,
504 2034 620 2074 quam
636 2020 768 2060 exacte
783 2022 970 2061 vertendo
984 2021 1223 2074 explanetur.
1237 2024 1312 2063 Ibi-

43 2075 128 2115 dem
145 2075 339 2115 aberravit
354 2077 414 2114 vir
427 2088 588 2127 magnus
600 2074 638 2113 in
652 2074 727 2113 istis
740 2074 957 2123 Plutarchi,
975 2072 1098 2126 ἕόσστες
1110 2077 1307 2125 Ἰσοκράτει

43 2128 112 2169 καὶ
126 2129 352 2181 Ἀναξιμένει
372 2128 449 2169 τοῖς
470 2128 669 2177 σοφισταῖς
691 2128 1077 2182 διαμειρακιευόμενος·
1102 2133 1208 2182 quod
1227 2145 1307 2172 non

43 2182 100 2222 est
111 2213 125 2229 ,
144 2186 240 2235 quast
254 2187 350 2236 apud
357 2184 531 2236 Sophislas
539 2183 702 2236 glorians,
716 2183 828 2234 &sest
839 2185 969 2223 iactans
982 2184 1195 2236 adolestentis
1206 2187 1307 2225 licen-

44 2237 119 2284 tia,·
133 2236 192 2276 sed
203 2267 217 2284 ,
231 2253 306 2276 cum
320 2237 468 2289 Isbcrate
479 2250 578 2290 atque
590 2238 806 2276 Anaximene
818 2239 982 2291 Sophislis
995 2239 1182 2279 iuveniliter
1191 2255 1233 2279 ac
1250 2241 1306 2280 ἱα-

44 2292 203 2330 &abunde
220 2294 420 2331 contendens
432 2290 694 2343 concertanfipte.
718 2291 784 2331 Illa
799 2293 859 2331 vis
874 2293 914 2331 in
936 2292 1159 2345 compositis
1172 2307 1220 2334 ex
1236 2294 1308 2334 St&

43 2345 172 2387 verbis
182 2344 293 2398 saepe
308 2346 414 2384 viros
427 2347 578 2398 egregie
599 2345 734 2385 doeios
751 2344 891 2385 fefellit.
920 2348 1082 2386 HEMST.

100 2403 175 2438 ead.
189 2400 213 2440 l.
229 2413 266 2449 7.
283 2400 325 2438 Τι’
337 2396 394 2439 οὖν
407 2397 452 2438 ἄν
467 2414 523 2439 τις
537 2402 664 2453 λέγει)
686 2401 776 2455 Ugia
789 2401 930 2440 vocula
943 2401 1003 2440 hic
1015 2401 1204 2441 auffiores
1225 2401 1311 2443 sunt

44 2453 230 2493 editiones
241 2463 416 2500 veteres,
437 2454 622 2506 legentes,
644 2455 683 2493 τί
698 2456 756 2493 οὑν
773 2452 816 2493 ἄν
827 2469 888 2493 τις
905 2454 960 2494 ἔτι
977 2458 1098 2508 λέγει.
1122 2455 1306 2495 Ceterum

46 2507 131 2560 quis
143 2520 255 2549 aures
270 2507 443 2549 Graecae
458 2508 583 2562 phrasi
599 2508 760 2550 assuetas
779 2509 947 2556 habens,
966 2522 1048 2549 non
1066 2510 1167 2550 illico
1184 2509 1309 2556 offen<
