1748 3420
161 209 245 255 IN
286 207 721 256 DIALOGOS
769 208 1161 257 MARINOS.
1199 227 1284 276 353

28 294 147 337 Silius
167 296 247 336 Ital.
265 297 329 336 lib.
344 296 459 336 XIII:
476 297 550 335 Ηὶε
570 296 745 347 Arethufiz
762 296 866 347 ficum
882 297 1014 348 Flscoss
1029 297 1128 348 fimte
1149 310 1292 347 receptat

33 350 213 401 Alpheon,
222 350 341 402 sacme
350 363 536 403 portantem
539 351 642 401 signa
654 364 805 388 coronae.
821 350 891 389 Sed
906 351 1021 402 longe
1035 350 1291 391 venustissime

31 400 215 454 Papinius
226 405 262 442 in
279 404 401 456 Epith.
417 403 519 443 Stell.
537 404 577 442 δι
593 403 695 442 Viol.
711 417 749 441 v.
770 416 841 455 203
860 416 868 440 ;
890 425 934 432 -
950 404 1165 454 Tumidaefic
1178 405 1292 456 trans-

22 453 120 508 figa
133 457 234 507 Piſsze
247 458 374 496 Amnis
388 458 423 495 in
435 470 584 496 externos
598 458 899 508 longeflammatus
917 472 1045 495 amores
1062 459 1222 496 Flumina
1234 461 1291 497 de-

26 510 137 560 merso
156 511 258 548 trahit
269 511 460 549 intemerata
473 511 599 556 canali,
611 512 733 548 Donec
743 509 902 547 Sicanios
916 513 1048 549 tandem
1063 512 1215 562 perlatus
1226 528 1291 551 an-

35 563 108 601 belo
123 564 190 602 Ore
199 563 427 614 bibatfhntes.
445 565 601 602 Μὶν-,παιν-
610 563 722 601 dulcia
739 564 832 600 Nais
849 562 977 613 Oscula
990 593 1000 609 ,
1018 578 1076 601 nec
1088 565 1187 602 credit
1194 567 1292 615 pela-

28 629 76 669 go
88 617 210 669 vemffi
219 618 383 656 maritum.
395 616 540 656 COGN.
555 616 698 655 Mirum
710 615 777 670 eft,
789 617 894 673 quod
906 617 951 655 de
964 616 1119 668 Alpheo
1133 617 1291 659 flumine

33 681 166 708 narrat
186 671 325 710 Achill.
344 670 430 709 Tar.
446 671 508 708 lib.
533 683 573 709 1:
595 669 685 708 ὅταν
708 668 765 707 οὑν
789 667 806 719 ’ᾗ
833 669 905 707 τῶν
928 669 1145 719 Ὀλυμπίων
1167 670 1290 721 ἑορτὴ,

33 724 170 763 πολλοὶ
180 724 246 773 μὲν
257 724 308 762 εἰς
320 725 393 762 τὰς
406 723 514 763 δίνας
527 721 593 762 τοῦ
605 720 781 771 ποταμοῦ
793 720 961 762 meaa-w
975 723 1090 761 ἄλλος
1103 724 1209 762 ἀλλα
1222 723 1292 762 θῶ-

30 791 93 829 poe,
110 775 126 814 ὃ
141 777 185 816 δὲ
197 773 294 816 εὐθὺς
308 780 398 828 πρὸς
411 776 476 816 τὴν
488 777 659 827 ἐρωμένην
673 776 812 826 κομίζει
826 806 836 822 ,
853 777 919 815 καὶ
934 775 1064 814 ταῦτά,
1080 777 1179 815 ἐστιν
1199 775 1291 817 ἕαΓνοι

30 829 222 882 ποταμοῦ.
243 831 414 870 BOURD.
436 830 560 869 Multa
585 831 712 869 norari
733 840 930 881 poterant,
945 843 1047 881 quae
1061 829 1291 881 diligentiam

30 883 196 923 aliorum
210 883 425 936 effugerunt
435 897 446 931 3
458 883 516 923 sed
530 883 701 923 contenti
716 884 854 921 erimus
867 883 1010 922 indicio
1022 882 1087 921 Ph.
1100 882 1292 931 Cluverii,

30 938 103 989 qui
115 936 188 977 Sic.
200 937 292 976 Ant.
307 950 390 990 pag.
409 938 481 989 156
494 966 506 983 ‚
529 950 617 987 157,
631 936 812 988 quidquid
831 934 910 975 fere
922 936 966 974 ad
983 936 1078 975 hanc
1090 935 1254 976 fabulam
1269 951 1292 977 a

15 990 17 994 '
33 991 228 1030 veteribus
240 990 292 1030 est
307 991 481 1030 traditum
492 1020 504 1036 ,
526 1003 597 1042 pro
617 990 725 1028 solita
743 989 934 1028 sedulitate
949 988 1112 1028 studiose
1126 990 1292 1043 collegit.

29 1043 155 1095 Quae
168 1045 337 1098 plurimis
353 1043 406 1084 est
419 1043 627 1091 Arethusa,
641 1042 812 1082 Dianam
827 1042 1001 1082 nonnulli
1014 1043 1194 1082 dixerunt
1208 1057 1216 1083 :
1234 1046 1293 1083 in-

30 1096 175 1150 signem
196 1100 397 1138 enimvero
417 1099 665 1137 temeritatem
692 1095 804 1135 fluvii
824 1109 912 1136 cum
933 1097 1108 1135 maximis
1133 1098 1292 1138 minime

33 1153 304 1205 comparandi,
321 1153 386 1205 qui
408 1163 485 1190 tam
505 1150 650 1191 nobiles
672 1151 820 1202 nuptias
837 1151 874 1189 &
895 1149 1006 1201 supra
1028 1149 1167 1190 sortem
1183 1150 1292 1191 suam

31 1204 180 1258 sperare
196 1205 308 1245 fuerit
325 1205 454 1245 ausus!
468 1205 568 1244 Vide
583 1204 711 1244 Schol.
725 1204 871 1242 Pindar.
889 1204 934 1242 ad
954 1204 1001 1242 N.
1018 1204 1077 1252 A,
1097 1217 1128 1242 1.
1143 1206 1248 1256 quod
1262 1205 1291 1245 st

31 1257 218 1299 habuisset
230 1261 268 1299 in
282 1269 438 1311 promtu
450 1258 479 1296 F
482 1259 561 1298 ulv.
577 1257 736 1298 Ursmus
749 1258 786 1296 in
800 1257 937 1309 Virgil.
958 1269 1048 1296 cum
1061 1257 1129 1303 Gr.
1143 1258 1222 1297 Scr.
1243 1258 1292 1299 C.

30 1325 70 1366 p.
85 1326 175 1364 275,
187 1313 339 1353 cavisset
353 1312 434 1359 fibi,
448 1325 494 1352 ne
506 1311 703 1352 Telefillae
714 1310 867 1351 versum
881 1311 980 1363 apud
993 1311 1192 1364 Hephaest.
1204 1325 1290 1365 pag.

38 1366 161 1417 36,“A
181 1362 409 1419 AE’‘'Ap‘t÷(‚ca5,
427 1360 454 1405 {23
475 1366 596 1422 ffibmx,
617 1366 807 1418 φεύγοισσι
827 1368 887 1404 τὸν
907 1365 1053 1413 Ἀλφὲον
1066 1395 1076 1410 ,
1095 1378 1292 1405 mutatum

33 1419 105 1459 iret
119 1421 156 1459 in
164 1420 210 1458 elA
225 1421 262 1460 θ’
273 1420 463 1471 Ἀρέθουσ’,
475 1422 502 1458 ὠ
514 1418 625 1470 κόραι.
638 1419 822 1468 Ἀλφειώα
832 1418 896 1458 vel
907 1417 1127 1466 Ἀλφειοῦσοι
1138 1419 1291 1460 Dianae

31 1486 276 1525 cognomen,
294 1475 340 1514 de
354 1487 434 1528 quo
451 1472 495 1513 Is.
515 1472 733 1514 Casaubon.
749 1473 879 1512 Anim.
904 1472 950 1512 ad
965 1472 1106 1514 Athen.
1118 1472 1236 1519 VIII,
1254 1486 1291 1514 c.

18 1567 22 1573 .
66 1558 74 1566 .
89 1528 252 1567 HEMST.

34 1541 60 1579 7
87 1582 168 1620 ibid.
180 1581 341 1634 Ἀλφειὲ)
355 1581 529 1634 Alpheus
540 1581 681 1620 fluvius
693 1581 731 1619 in
743 1579 847 1619 Elide
856 1578 1106 1633 Peloponnesi
1119 1581 1290 1632 regione,

33 1648 103 1688 per
112 1649 227 1688 quam
240 1635 425 1682 funditur,
436 1649 549 1688 quem
562 1633 760 1674 Pausanias
771 1634 834 1673 lib.
844 1635 879 1671 V
894 1635 1009 1672 tradit
1020 1634 1179 1672 occultis
1191 1647 1291 1673 mea-

33 1689 135 1729 tibus
149 1689 274 1729 subter
285 1703 390 1728 mare
401 1690 493 1736 labi,
511 1690 551 1730 δι
566 1690 604 1727 in
622 1687 853 1728 Arethusam
866 1687 1015 1727 Siciliae
1028 1686 1175 1726 fontem
1191 1686 1292 1726 defi-

33 1755 137 1782 nere.
157 1744 290 1783 Suidas
311 1743 435 1782 multo
459 1743 693 1783 luculentius
715 1741 881 1781 eiusdem
906 1740 1071 1780 fluminis
1092 1752 1265 1780 naturam
1279 1769 1291 1789 ,

34 1796 188 1837 cursum
202 1798 243 1837 δι
255 1796 409 1848 αὔξησιν
421 1796 604 1836 describit.
617 1795 760 1836 COGN.

89 1854 161 1891 ead.
173 1853 195 1890 l.
208 1866 244 1900 7.
259 1851 358 1890 Οὔτε
371 1851 629 1904 ἀναμίγνυσαι
648 1849 739 1901 oze.)
754 1849 807 1888 V.
825 1847 993 1887 philostr.
1007 1848 1124 1901 Imag.
1140 1862 1177 1900 p.
1192 1847 1267 1887 812
1278 1880 1291 1897 ‚

34 1904 78 1944 δι
91 1905 244 1945 Pausan.
262 1906 408 1944 Ἥλισικ.
430 1905 634 1944 oraculum
655 1903 849 1956 Apollinis
861 1903 898 1941 in
918 1915 1001 1942 eam
1023 1915 1104 1941 rem
1130 1900 1292 1941 afferen-

38 1968 116 1998 tem
133 1974 170 2012 p.
190 1974 275 2013 153.
298 1959 453 1998 SOLAN.

90 2015 162 2052 ead.
174 2014 197 2053 l.
210 2013 245 2052 8.
259 2011 356 2051 Οὔτε
369 2011 605 2064 ἀναπαύεις)
621 2011 679 2050 Ex
690 2010 746 2049 ed.
762 2009 873 2049 Salm.
889 2010 986 2048 male
999 2008 1213 2048 distinc’tum
1225 2022 1293 2060 pu-

35 2078 79 2107 to
93 2067 176 2106 οὔτε
188 2065 410 2114 ἀναπαύεις,
429 2068 586 2104 σεωυτὸν
600 2065 812 2117 διαχυθεὶς,
833 2076 920 2103 cum
932 2063 1070 2102 reffius
1081 2075 1160 2101 non
1172 2063 1294 2101 distin-

23 2132 176 2174 „guatur
190 2121 238 2160 ab
249 2120 513 2160 Bourdelotio.
525 2120 664 2171 Neque
680 2119 767 2157 sane
781 2118 816 2156 id
831 2121 952 2170 potest
965 2129 1098 2156 norare
1111 2132 1210 2169 neque
1223 2114 1294 2167 dij:

32 2174 125 2227 fusis
136 2175 234 2227 aquis
244 2187 274 2213 te
287 2174 397 2225 ipsum
410 2174 564 2220 cohibes,-
582 2185 666 2211 nam
687 2173 755 2225 qui
774 2170 811 2211 se
831 2170 1029 2216 diffundit,
1048 2170 1249 2223 quomodo
1263 2170 1294 2209 is

33 2228 75 2268 se
86 2227 265 2269 cohibet?
279 2228 339 2267 sed
349 2226 493 2279 difficsus
505 2239 534 2265 te
543 2228 659 2277 reficis.
670 2226 779 2264 Ludit
790 2227 888 2264 enim
902 2237 939 2263 in
952 2224 1112 2263 notione
1123 2224 1162 2262 δι
1173 2223 1295 2262 Grae-

38 2283 74 2322 ci
86 2283 195 2322 verbi
207 2280 432 2334 Σιοιχυθῆναι
450 2281 489 2320 8(
502 2281 622 2319 Latini
633 2278 824 2332 diffundere,
839 2291 975 2331 nempe
988 2291 1057 2330 pro
1071 2278 1297 2318 exhilarare.

39 2335 160 2389 Quae
175 2346 259 2375 tota
273 2335 326 2375 est
343 2335 527 2387 elegantia
549 2334 665 2372 huius
678 2334 763 2372 loci.
780 2332 922 2372 GRON.
939 2332 1152 2372 Gronovio
1167 2332 1296 2370 remit·

38 2391 156 2429 timus
169 2402 334 2429 acumen
347 2388 436 2427 illud
451 2387 661 2440 quaesitum
673 2387 710 2426 in
723 2387 959 2437 διαχεῖσθαι
970 2416 982 2431 ,
997 2385 1103 2436 quod
1115 2384 1143 2423 s1
1159 2385 1297 2424 Lucia·

39 2456 93 2483 no
106 2443 283 2497 potuisset
297 2443 335 2481 in
351 2452 516 2481 mentem
533 2442 683 2486 venire,
703 2442 826 2479 multo
840 2440 964 2478 minus
979 2439 1129 2478 el'unata
1146 2437 1271 2477 forent
1282 2467 1295 2486 ,

39 2510 157 2550 quam
170 2510 273 2536 nunc
285 2495 386 2544 sunt,
397 2496 480 2535 eius
495 2495 639 2549 scripta.
651 2494 742 2534 Non
754 2495 825 2534 alia
838 2491 904 2534 τοῦ
919 2492 1150 2545 &taxabam
1161 2492 1212 2532 est
1224 2504 1296 2545 po-⁴

120 2552 263 2592 Lucian.
290 2552 369 2590 Vol.
388 2549 435 2589 II.
1022 2546 1052 2585 Z
