1748 3420
423 227 520 271 470
620 203 1501 254 ANNOTATIONES

425 294 617 334 Codicum
635 293 863 333 aufloritate
876 305 1042 334 mutaret
1066 293 1127 334 sed
1142 307 1223 334 non
1236 295 1372 335 dubito
1385 325 1396 342 ‚
1409 296 1502 349 quin
1514 295 1697 350 scriptum

425 347 540 387 fuerit
553 347 876 398 ἀντιταξάμενος.
890 348 1128 396 probabunt,
1137 350 1268 395 credo,
1279 349 1352 388 viri
1366 349 1556 402 elegantes
1571 352 1609 391 δι
1623 353 1699 391 cri-

426 402 512 446 tici,
536 402 675 454 quibus
691 402 826 440 harum
845 414 990 441 vocum
1010 400 1220 442 differentia
1242 413 1335 442 nota
1360 402 1431 442 est:
1457 405 1572 444 duces
1595 406 1698 444 enim
1738 431 1742 444 ,·

427 468 516 494 cum
536 455 696 494 ducibus
718 454 815 494 bella
835 466 1028 507 gerentes,
1053 456 1188 495 milites
1207 469 1295 495 cum
1319 456 1500 497 militibus
1526 458 1701 507 confert;

427 508 534 561 quod
549 509 647 547 hauri
663 509 780 560 paulo
797 509 1062 548 vehementius
1074 509 1141 552 est,
1155 523 1268 560 quam
1284 509 1309 548 si
1325 511 1470 550 ducum
1485 513 1616 550 merita
1629 523 1699 552 aut

429 573 529 602 artes
543 563 710 601 examini
731 561 903 602 subiicias
923 563 1053 602 iudicis
1071 563 1240 603 rationes
1261 563 1498 616 pensitantis:
1522 564 1574 606 s1c
1595 566 1700 605 enim

428 629 491 655 res
506 615 579 668 ipsa
591 615 632 655 &
644 628 808 655 eventus
818 647 829 664 ‚
849 618 970 669 qualis
983 617 1060 655 dux
1077 615 1190 656 fuerit
1201 647 1213 662 ‚
1227 620 1377 657 docent.
1399 619 1502 658 Hinc
1518 619 1556 658 in
1569 621 1701 672 proxi·
1742 614 1748 654 l

431 683 494 710 me
506 670 751 722 sequentibus
763 671 889 710 verbis
903 683 980 709 non
994 669 1115 710 solum
1130 671 1452 721 συμπλεκόμενος,
1467 673 1572 724 quod
1586 673 1701 725 perse
1742 666 1748 707 l

431 723 517 764 satis
525 724 563 762 su
571 736 714 777 perque
727 725 1034 764 emendationem
1047 723 1299 771 confirmarit,
1309 724 1369 764 sed
1382 726 1587 766 Medorum
1599 740 1704 766 men·
1744 751 1745 754 =

431 779 490 817 tio
502 779 597 818 luxu
613 779 868 830 perditorum,
885 777 1076 830 Dariique
1093 779 1334 826 imperatoris
1354 780 1530 831 ignaviae
1545 779 1703 820 infimu-
1747 795 1748 800 ¹

433 832 537 872 latio.
566 832 761 871 Videndus
773 832 936 884 denique
950 831 1264 872 Plutarchilocus
1283 835 1321 871 in
1334 833 1447 872 Alex.
1460 848 1496 885 p.
1512 833 1600 882 488·
1625 834 1704 874 So-

435 898 521 926 LAN
548 885 898 937 Ἀντεξεταζόμενος
912 887 1049 925 mutari
1063 897 1167 925 vetat
1180 887 1370 926 Lucianus
1383 888 1494 926 verbi
1506 888 1623 928 huius
1636 887 1704 928 usu

436 940 606 994 gaudens
618 947 663 978 Δ.
682 945 721 978 Ν.
738 940 893 986 XXIX,
915 939 930 988 §
952 953 985 985 1,
999 940 1080 991 περὶ
1100 939 1171 978 τῶν
1187 940 1249 978 ἐπὶ
1266 945 1312 978 Μ,
1329 945 1371 979 Σ.
1392 954 1424 980 c.
1442 956 1502 988 24.
1518 943 1704 982 maiorem

436 993 704 1046 exemplorum
720 994 869 1045 copiam
888 994 1082 1044 praebebit
1094 992 1224 1033 Index.
1239 994 1392 1034 Poterat
1407 994 1511 1040 sane,
1528 996 1555 1034 fi
1575 995 1708 1035 libuis-

436 1048 512 1096 set,
534 1048 708 1086 adhibere
725 1046 1034 1097 ἀντιταξάμενος,
1057 1059 1100 1087 ut
1122 1048 1204 1106 περὶ
1218 1047 1290 1087 τῶν
1303 1048 1487 1099 πρωτείων
1503 1046 1586 1099 ἦμῖν
1601 1049 1708 1089 ἀντι-

437 1101 642 1151 τάξασθαι
659 1100 758 1151 apud
773 1100 969 1141 Demosth.
988 1115 1024 1154 p.
1039 1101 1085 1154 38
1102 1101 1143 1140 E.
1161 1102 1222 1140 led
1241 1102 1400 1140 alterum
1414 1115 1492 1141 non
1509 1104 1634 1142 minus
1646 1116 1711 1144 ac-

438 1155 728 1194 commodatum
750 1153 824 1201 est,
848 1156 1083 1208 dignumque
1098 1156 1145 1194 ab
1165 1155 1400 1208 elegantibus
1413 1156 1509 1195 viris
1525 1157 1678 1209 probari
1694 1169 1705 1196 :

438 1209 544 1251 valet
557 1209 677 1254 enim,
692 1219 852 1261 tanquam
865 1223 981 1260 parem
992 1210 1159 1261 componi,
1173 1210 1207 1248 δ’
1219 1226 1293 1249 cum
1305 1211 1375 1249 alio
1387 1212 1541 1264 congredi
1553 1226 1570 1258 ‚⁰
1586 1223 1709 1265 quare

439 1265 485 1303 de
509 1263 655 1302 iudiciis
674 1263 787 1301 etiam
808 1261 1023 1315 usurpatur.
1045 1263 1305 1316 Alciphr.111,
1330 1264 1397 1316 Ep.
1418 1277 1478 1315 54,
1503 1263 1710 1317 ῥωμαλέοις

440 1316 758 1368 συνεξετάζεσῧαι
771 1316 945 1365 νεανίαις,
959 1333 1034 1356 cum
1049 1319 1186 1372 robustis
1203 1318 1383 1357 iuvenibus
1397 1321 1585 1357 contendere
1597 1320 1711 1358 &rna-

441 1387 522 1411 num
538 1370 714 1422 constrere.
735 1370 871 1410 Similis
886 1370 1070 1422 potestas,
1084 1373 1262 1423 quamvis
1276 1372 1322 1410 ab
1337 1371 1476 1411 Atticis
1490 1371 1712 1419 fastidiatur,

440 1427 479 1466 in
500 1425 780 1477 ου’)ικρίνεσῧοιι·
806 1423 1060 1477 συγκριθῶμεν
1075 1425 1238 1474 ἑαυτοῖς,
1258 1426 1362 1464 armis
1375 1426 1461 1466 inter
1483 1440 1545 1465 nos
1558 1427 1713 1481 experia-

440 1495 536 1520 mur:
556 1479 569 1517 1
586 1478 763 1518 Maccab.
777 1479 836 1525 X,
852 1493 916 1528 71.
942 1479 1106 1518 HEMST.

495 1536 568 1573 ead.
583 1534 606 1571 l.
629 1546 643 1571 1
658 1546 687 1571 1.
707 1532 857 1572 Μῆἓους
873 1533 938 1571 καὶ
950 1532 1168 1586 Ἀρμενίους)
1192 1532 1391 1585 Quamvis
1403 1534 1579 1573 Armenii
1593 1532 1712 1574 essent

440 1589 477 1628 in
491 1588 667 1628 exercitu
680 1586 814 1633 Darii,
831 1598 1000 1626 attamen
1013 1587 1072 1627 hic
1092 1600 1171 1627 non
1187 1588 1374 1627 illibenter
1395 1587 1552 1641 legerim
1575 1589 1715 1628 Ἀσσυ-

441 1643 552 1696 ρίους,
571 1641 636 1694 qui
653 1654 673 1679 a
687 1640 929 1693 temporibus
945 1640 1186 1694 Sardanapali
1205 1641 1300 1680 luxu
1321 1642 1362 1681 δι
1382 1642 1535 1694 ignavia
1555 1641 1714 1682 infames

441 1706 575 1743 erant3
595 1707 675 1734 non
689 1695 885 1740 Armenii,
909 1696 974 1747 qui
989 1705 1064 1734 tam
1088 1696 1239 1735 beatam
1251 1696 1450 1748 regionem
1470 1709 1551 1736 non
1571 1696 1716 1737 incole-

441 1751 555 1797 bant,
567 1749 742 1801 adeoque
756 1760 862 1788 erant
873 1748 1048 1789 duriores
1061 1750 1100 1789 &
1115 1748 1307 1789 fortiores.
1330 1750 1456 1790 CLER.

497 1807 570 1842 ead.
586 1804 608 1841 l.
631 1817 643 1840 1
659 1815 688 1853 5.
702 1806 768 1841 Τὸν
781 1802 938 1853 ὄλεθρον)
953 1802 1064 1843 Cave
1077 1815 1205 1844 vertas
1216 1804 1369 1855 misi-rum
1383 1805 1536 1844 Darium
1546 1820 1558 1844 .-
1573 1804 1714 1857 ’ὄλεθρος

443 1857 497 1898 est
509 1858 612 1897 exitio
622 1857 754 1909 dignus.
775 1857 865 1897 Hoc
879 1867 1004 1895 autem
1018 1859 1200 1897 convicio
1212 1857 1414 1910 proscindit
1427 1859 1620 1898 Hannibal
1631 1859 1716 1899 Da-

443 1913 560 1958 rium,
580 1911 686 1964 quod
701 1910 805 1950 nulla
826 1910 1063 1959 fortitudine,
1075 1912 1187 1952 nullis
1199 1913 1455 1966 imperatoriis
1467 1913 1613 1953 artibus
1624 1912 1715 1953 effet

443 1977 616 2006 ornatus.
640 1965 766 2005 (ΖΙ-ΕΚ.

498 2021 534 2059 in
543 2020 658 2060 Schol.
671 2020 734 2058 col.
749 2033 779 2057 1.
796 2018 816 2056 l.
831 2032 864 2057 2.
883 2017 1137 2069 Ἀλμίκοιο-τον
1152 2019 1215 2059 καὶ
1228 2019 1319 2072 κάρη
1333 2022 1425 2073 πρὶς
1443 2019 1528 2072 τὴν)
1547 2019 1716 2061 Videtur

447 2073 662 2115 Graeculus
686 2074 745 2112 hic
761 2085 833 2125 pro
849 2072 1071 2113 Alexandro
1094 2072 1323 2126 respondens
1343 2075 1500 2114 nomina
1513 2073 1717 2114 Africana-

445 2142 532 2168 rum
545 2128 692 2181 aliquot
706 2128 874 2179 gentium
889 2127 1076 2167 adieciffe:
1094 2126 1156 2167 sed
1167 2141 1216 2167 ex
1229 2128 1460 2180 portentosis
1472 2129 1520 2167 ab
1534 2129 1716 2181 imperito

445 2183 601 2224 librario
613 2181 766 2220 adieffis
778 2181 953 2226 vocibus,
964 2194 1151 2234 quaenam
1169 2195 1236 2221 eae
1252 2181 1411 2229 fuerint,
1423 2183 1651 2222 divinabunt
1662 2181 1718 2222 sa-

448 2238 633 2290 gaciores.
651 2234 775 2275 Cup„
794 2234 836 2273 In
849 2236 891 2274 V.
903 2247 982 2274 erat
996 2236 1146 2285 ἀμιλκα
1158 2236 1221 2275 καὶ
1234 2236 1440 2289 καρταᾩὲβς.
1451 2237 1541 2289 Leg.
1552 2236 1717 2288 Ἀμίλκα

445 2289 514 2330 τοῦ
539 2291 602 2329 καὶ
626 2292 744 2342 Βάρκη
759 2287 915 2339 πατρός.
939 2288 1083 2328 GRON.
1101 2290 1280 2341 Ἀλμικοι·
1297 2304 1420 2329 στουον
1437 2289 1717 2343 καὶΚοιρκοιξρ-ςς

448 2345 497 2384 C.
512 2344 671 2384 SOLAN.
689 2344 774 2396 Ego
791 2343 828 2382 in
842 2343 885 2382 V.
897 2341 964 2381 nisi
975 2356 1037 2383 me
1051 2342 1265 2384 fefellerunt
1279 2344 1400 2390 oculi,
1410 2357 1498 2384 cum
1515 2343 1614 2383 illam
1630 2357 1719 2396 par-

447 2409 524 2437 tem
543 2397 781 2450 inspicerem,
792 2397 916 2449 reperi
926 2408 1074 2437 tantum
1088 2398 1326 2448 ἐιλμίκοιστον
1338 2399 1401 2437 καὶ
1415 2413 1538 2448 ›cap-roe
1550 2397 1624 2449 mig.
1641 2398 1720 2438 Ve-

444 2465 527 2492 ram
542 2452 758 2499 lectionem,
773 2463 874 2504 quae
890 2449 1020 2503 fugere
1035 2464 1114 2491 non
1129 2461 1281 2505 poterat
1299 2465 1404 2498 eum,
1418 2453 1486 2505 qui
1499 2453 1535 2490 in
1551 2454 1641 2504 προς
1655 2451 1722 2491 de·
1742 2454 1744 2456 ’

445 2504 696 2560 prehendisset
709 2508 869 2557 πατρὶς,
889 2505 1033 2547 dudum
1049 2516 1136 2546 ante
1155 2505 1375 2555 coniectura
1400 2505 1548 2546 fueram
1573 2504 1717 2550 affecue
