1748 3420
426 235 518 299 ιβ
619 227 1505 282 ANNOTATIONES

423 327 501 364 nim
513 354 525 373 ‚
544 322 759 376 quiveram
777 322 943 376 aquilam
959 353 972 369 ‚
991 321 1052 361 sed
1068 333 1198 362 tamen
1211 323 1311 364 iuffu
1323 323 1430 365 Iovis
1441 356 1451 372 ‚
1470 325 1547 366 hoc
1562 325 1709 369 facinus

423 377 650 432 perpetrasse
663 376 808 423 ferant,
825 375 1118 423 Eratosthenes,
1139 377 1342 429 Hyginus,
1363 380 1433 418 alii.
1450 380 1614 420 Hmsr.

478 432 572 483 Pag.
590 445 647 470 10.
670 432 693 469 l.
706 432 743 470 6.
757 431 918 483 ’Λα-τέρα
933 431 1019 483 σου)
1034 431 1254 483 Aquarium
1268 444 1405 482 notat,
1425 446 1544 486 quem
1568 433 1710 486 Gany·

422 485 574 525 medem
588 484 663 524 effe
677 484 898 537 perhibent:
919 484 1009 523 licet
1029 484 1165 536 ἄστρον
1183 485 1310 537 κυρίως
1324 484 1368 524 fit
1379 515 1394 532 ‚
1416 499 1499 525 non
1513 487 1635 538 oio-⁷373>
1650 489 1710 528 A-

421 540 593 592 quarius.
611 538 760 579 COGN.
776 538 944 578 Brodaei
959 537 1079 577 verba
1090 537 1283 591 descripsit
1293 538 1501 592 Cognatus
1513 553 1535 580 e
1547 541 1709 583 Miscell.

422 592 482 638 11,
503 607 537 634 c.
551 608 572 633 2
582 607 611 632 1.
624 593 810 633 videndus
822 592 920 631 idem
934 592 979 631 ad
991 591 1111 630 Anth.
1126 592 1164 638 1,
1180 605 1218 632 c.
1229 591 1278 645 83
1288 622 1298 639 ,
1312 593 1381 647 Ep.
1397 608 1434 642 4.
1447 593 1510 633 De
1521 594 1708 648 Aquario

421 646 587 701 figuram
601 647 841 700 Ganymedis
856 647 893 684 in
906 646 1020 686 coelo
1039 655 1196 698 gerente
1206 659 1345 686 omnes
1357 647 1437 686 fere
1450 646 1708 690 consentiunt.

422 701 612 742 Eratoflh.
628 699 770 741 Catast.
784 713 818 740 c.
839 700 901 740 26,
923 712 972 738 ex
993 711 1043 738 eo
1062 699 1193 739 Schol.
1209 700 1319 740 Arati
1333 702 1380 740 ad
1399 700 1539 741 Phaen.
1554 715 1595 743 v.
1617 702 1713 745 282.'

420 756 532 796 Serv.
548 756 595 795 ad
618 755 718 796 Aen.
733 754 775 802 I,
799 768 846 807 32
859 785 871 802 ‚
887 754 1093 805 interfidcra
1107 754 1294 794 collocatus
1306 786 1318 802 ,
1338 756 1490 808 Aquarii
1511 771 1630 796 nomen
1645 773 1710 796 ac-

421 813 518 862 cepit.
541 810 690 863 Hygin.
714 809 822 849 Poet.
841 807 997 847 Astron.
1018 807 1074 853 11,
1089 820 1122 847 c.
1140 821 1203 860 29.
1224 821 1461 862 quamquam
1481 809 1513 848 is
1534 809 1616 849 aliis
1634 820 1708 850 aua

421 864 594 904 &oribus
615 863 895 903 Deucalionem
911 862 950 901 ἃ
965 860 1182 914 Cecropem
1197 861 1352 915 insuper
1368 863 1538 902 obducat
1552 862 1711 917 insigni-

422 918 496 957 bus
514 918 682 971 Aquarii
707 917 940 957 nobilitatos.
969 915 1162 955 Clement.
1187 915 1306 955 Hom.
1321 917 1376 965 V,
1397 916 1416 965 §
1437 929 1505 968 17:
1528 917 1617 957 Ζεὺς
1644 921 1711 959 τὴν

421 972 534 1010 ἀετὸν
549 969 838 1025 συνεργῆσαντοι
851 970 915 1009 ἐπὶ
927 968 977 1019 τῆ
993 967 1230 1019 Γανυμήδους
1243 969 1433 1023 ἀρ’τοιγῖῖ,4
1443 971 1508 1010 καὶ
1522 967 1710 1013 αὗτὸντδν

421 1025 646 1076 Γανυμήδην
660 1041 694 1065 εν
707 1024 917 1078 Ὓὸρσχόου
934 1022 1028 1073 ms?
1042 1021 1187 1076 ἔταξεν.
1201 1023 1373 1065 Perbelle
1385 1025 1522 1064 Iovem
1535 1025 1710 1065 imitatus

421 1079 477 1118 est
499 1080 719 1128 Adrianus,
739 1090 966 1130 tantumque
988 1076 1056 1116 fibi
1077 1078 1116 1116 in
1141 1076 1259 1117 fidera
1278 1079 1494 1118 vindicavit
1516 1079 1634 1126 iuris,
1662 1089 1710 1120 ut

420 1146 624 1173 mortuum
645 1133 885 1178 Antinoum,
902 1131 1011 1171 suum
1026 1131 1322 1184 Ganymedem,
1345 1133 1390 1171 iis
1410 1132 1615 1180 insereret,
1634 1131 1710 1172 sal-

418 1198 501 1226 tem
518 1188 640 1226 videri
655 1187 771 1226 vellet
794 1187 892 1226 illius
907 1184 1122 1240 apparuiss'e
1147 1198 1295 1225 novum
1313 1185 1429 1226 fidus.
1441 1186 1649 1227 Vid.Suid.
1664 1187 1709 1227 in

419 1240 601 1282 Παιὲικέι
615 1241 656 1281 &
674 1239 825 1280 Kuster.
842 1242 1010 1280 HEMST.

476 1298 548 1334 ead.
562 1295 584 1334 l.
600 1310 614 1334 1
628 1310 658 1335 1.
671 1294 978 1348 Ἀστραγέιλους>
991 1294 1081 1334 Hoc
1093 1293 1248 1346 quidem
1261 1293 1410 1347 oppido
1423 1292 1556 1334 festive
1569 1294 1709 1335 Lucia-

414 1362 519 1400 nus,
536 1361 586 1388 ne
609 1349 749 1389 scilicet
770 1348 904 1402 fugam
923 1348 1173 1388 meditaretur
1194 1360 1216 1387 e
1238 1348 1357 1387 coelo
1378 1347 1653 1400 Ganymedes,
1676 1348 1708 1388 fi

418 1416 546 1457 puero
560 1403 722 1444 delicato
736 1403 829 1442 nihil
845 1404 883 1442 in
900 1414 1057 1456 promtu
1069 1401 1114 1441 sit
1124 1433 1135 1450 ,
1151 1414 1232 1455 quo
1246 1412 1398 1455 tempus
1411 1403 1579 1442 iucunde
1590 1414 1705 1444 terat.

417 1458 492 1498 Sed
503 1457 742 1511 Apollonius
756 1457 934 1497 Rhodius
948 1466 1163 1509 temperare
1175 1455 1244 1495 sibi
1259 1469 1340 1495 non
1355 1457 1500 1510 potuit,
1514 1457 1613 1510 quin
1626 1457 1705 1499 hoc

417 1512 550 1552 nobile
565 1525 776 1565 puerorum
798 1524 881 1566 par,
905 1510 1176 1563 Ganymedem
1201 1511 1359 1563 inquam
1380 1510 1423 1550 &
1445 1510 1706 1565 Cupidinem,

416 1567 458 1606 in
472 1567 634 1606 heroico
646 1566 813 1606 carmine
828 1565 913 1605 talis
923 1565 1097 1604 ludentes
1109 1565 1319 1611 induceret,
1339 1577 1392 1604 eo
1404 1576 1566 1613 eventu,
1582 1575 1627 1605 ut
1640 1565 1706 1606 hic

417 1620 554 1674 Iapeto
571 1621 678 1674 prior
694 1619 915 1660 astutiffima
929 1618 1079 1659 vafritie
1097 1618 1207 1658 istum
1219 1647 1228 1665 ‚
1245 1618 1391 1672 quippe
1403 1618 1601 1672 Phrygem
1613 1649 1626 1666 ,
1649 1618 1705 1658 fa.-

414 1675 491 1715 tile
515 1675 818 1723 circumveniat,
846 1672 1180 1726 instrumentoque
1207 1673 1315 1712 omni
1341 1673 1493 1714 ludicro
1515 1674 1704 1714 nudatum

416 1728 620 1783 exspoliet,
635 1729 730 1782 Arg.
749 1728 817 1774 ΙΙΙ,
840 1742 854 1766 1
868 1742 924 1776 14.
940 1727 1154 1780 imaginem
1171 1726 1289 1774 illam,
1307 1739 1424 1780 quam
1441 1726 1638 1768 scitiffimis
1649 1727 1705 1767 sa-

416 1796 467 1823 ne
484 1782 659 1823 versibus
673 1784 851 1835 pinxerat
871 1780 1129 1835 Apollonius,
1151 1780 1351 1822 coloribus
1369 1780 1548 1835 expreffit
1572 1781 1703 1836 pictor

414 1837 478 1877 ille
498 1836 626 1877 nescio
643 1837 728 1889 quis
741 1867 752 1885 ,
774 1837 884 1877 cuius
899 1835 1086 1875 artificem
1109 1834 1276 1875 tabulam
1291 1846 1443 1875 enarrat
1465 1835 1639 1876 Philostr.
1660 1837 1702 1876 in

413 1891 523 1931 Icon.
539 1906 575 1945 p.
593 1890 683 1940 872.
699 1891 837 1944 Neque
857 1891 933 1930 hoc
948 1890 1150 1930 Olearium
1165 1888 1286 1942 fugit:
1303 1888 1363 1929 sed
1375 1918 1387 1937 ‚
1409 1902 1525 1944 quam
1542 1890 1604 1930 ille
1619 1903 1701 1931 non

414 1946 511 1985 vidit
522 1977 533 1995 ‚
549 1944 738 1986 maculam
750 1958 798 1984 ex
810 1945 1015 2007 Apollonii
1028 1958 1067 1984 V.
1087 1958 1101 1983 1
1113 1958 1158 1997 19
1174 1944 1370 1984 eluamus:
1390 1945 1458 1984 Καὶ
1473 1943 1504 1998 ῥ’
1515 1942 1531 1983 ὃ
1544 1943 1613 1996 μὲν
1625 1942 1699 1986 usn

408 2000 591 2051 ’πάμπαν
608 2000 773 2039 ἐνίπλεον
789 1995 818 2048 ᾧ
840 2001 914 2039 wr‘o
937 1997 1048 2050 μαζῷ
1072 2001 1227 2051 Μόιργος
1246 1997 1329 2050 ἔρως
1350 1997 1459 2038 λαιῆς
1474 1994 1702 2052 ὑποΐσχανε

412 2056 545 2107 χειρὸς
564 2052 737 2108 ἀγοστῷ·
754 2052 850 2092 istud
864 2053 1053 2104 πάμπαν,
1069 2054 1177 2105 quod
1190 2050 1265 2091 suis
1278 2052 1315 2091 in
1331 2052 1414 2091 edd.
1429 2051 1633 2092 ostendunt
1645 2054 1701 2095 H.

412 2107 631 2161 Stephanus
643 2107 683 2147 &
698 2107 925 2147 Hoelzlinus
938 2119 984 2146 ne
998 2105 1167 2146 verbulo
1181 2106 1395 2160 quidquam
1407 2116 1628 2153 monentes,
1639 2107 1701 2147 da-

410 2162 442 2200 ri
464 2163 556 2201 mihi
577 2162 717 2208 velim,
738 2163 804 2216 qui
827 2162 1021 2215 expediat:
1047 2155 1272 2214 ὑποΐσχανε
1294 2159 1364 2200 suo
1388 2161 1564 2210 nomine,
1589 2161 1699 2214 quod

410 2214 608 2263 1‘2st2ntet,
628 2215 842 2256 destituitur
857 2231 865 2254 :
885 2215 1089 2255 reddideris
1104 2215 1255 2261 κόλπον,
1272 2215 1345 2253 iam
1360 2215 1453 2254 nihil
1467 2215 1567 2254 aliud
1582 2215 1628 2254 ad
1642 2216 1701 2254 in-

410 2272 629 2323 tegritatem
644 2270 721 2310 loci
737 2271 922 2323 requires,
939 2270 982 2309 ln
999 2268 1120 2308 smum
1138 2267 1226 2308 sane
1241 2269 1450 2321 collegerat
1461 2269 1560 2309 talos
1575 2268 1700 2310 viclo-

409 2325 467 2363 ria
491 2335 623 2377 partos
646 2323 820 2377 Cupido,
845 2337 928 2377 quo
954 2323 1117 2377 pertinet
1141 2337 1182 2362 v.
1202 2322 1298 2372 146,
1320 2323 1457 2362 Μείλιοι
1481 2323 1521 2362 8’
1550 2322 1698 2370 ἔκβαλε

408 2379 554 2418 πάντα·
570 2392 591 2418 e
606 2377 689 2418 sinu
702 2379 879 2418 nimirum
892 2408 905 2425 ‚
922 2378 988 2418 ubi
1001 2376 1172 2430 congesti
1185 2388 1312 2416 erant:
1328 2390 1422 2416 mox
1433 2378 1549 2417 etiam
1563 2391 1602 2417 v.
1619 2391 1635 2416 1
1646 2390 1662 2427 ς
1673 2390 1693 2430 ς

408 2431 640 2472 recollestos
654 2433 689 2471 in
708 2431 833 2472 sinum
847 2433 979 2471 matris
995 2432 1132 2471 dicitur
1147 2430 1352 2472 condidisse
1366 2444 1376 2471 :
1396 2444 1444 2471 ne
1459 2432 1570 2471 locus
1585 2431 1698 2470 dubi-

407 2487 547 2526 tationi
559 2486 796 2540 relinquatur
814 2486 934 2532 ullus,
953 2485 1210 2526 Philostratus
1227 2485 1403 2538 accedat,
1422 2483 1542 2540 πλήρη
1562 2483 1629 2527 τῆς
1644 2485 1695 2532 vie

406 2554 475 2582 κης
485 2543 547 2581 τὶν
558 2540 696 2582 κόλπον
711 2540 899 2583 ἀνασείων.
914 2541 1081 2581 HEMST.
