1748 3420
426 235 518 302 3&
613 231 1491 283 ANNOTATIONES

422 334 484 362 tos
499 333 577 362 non
591 320 770 375 fugerunt
781 321 978 362 Erasmum
996 321 1096 362 Chii.
1109 322 1147 361 in
1158 321 1313 362 Hecatae
1323 338 1441 370 coena,
1450 323 1684 366 Turnebum

424 376 528 415 Adv.
546 376 693 425 XXVI,
705 377 1032 426 7,Wouwerium
1047 377 1092 415 ad
1103 376 1254 415 Petron.
1270 390 1307 429 p.
1321 379 1411 429 637,
1422 378 1631 418 Erhardum
1643 394 1684 433 p.

423 430 516 478 647,
534 428 625 469 Des.
640 429 849 469 Heraldum
863 431 908 469 ad
921 430 1085 469 Martial.
1100 429 1199 476 VII,
1218 429 1286 482 Ep.
1304 443 1365 482 53,
1387 430 1426 469 δι
1441 432 1602 484 denique
1616 433 1684 472 Ez-

422 482 698 535 Spanhemium
714 484 760 522 ad
774 483 968 536 Aristoph.
981 483 1076 522 Plut.
1089 497 1127 523 v.
1148 484 1232 534 596.
1254 482 1424 530 Omnes,
1443 495 1486 523 ut
1500 484 1684 526 fierivul·

423 549 477 588 go
493 536 586 575 solet
598 566 611 582 ,
634 535 718 576 loca
734 537 921 588 quaedam
934 549 1110 576 veterum
1128 535 1301 576 indicasse
1318 539 1509 584 contenti,
1523 539 1685 592 propius

421 589 670 642 investigare,
683 590 872 642 quidinde
884 591 1012 642 colligi
1025 590 1178 630 deberet
1187 621 1200 637 ‚
1221 601 1337 642 atque
1349 590 1393 629 ad
1405 592 1520 630 moris
1534 593 1612 631 anti
1641 592 1685 632 ui

422 644 612 682 rationem
637 643 895 696 explicandam
917 643 1108 690 conferri,
1133 642 1405 696 neglexerunt:
1432 656 1505 684 nos
1525 646 1606 684 omi
1637 659 1685 688 ae

424 709 539 736 curae
560 707 704 750 partem
722 696 886 749 aliquam
901 697 1054 750 explere
1072 698 1310 742 conabimur.
1332 696 1553 749 Superstitio
1568 697 1686 739 sacri-

422 750 631 790 ficulorum
645 749 840 790 fraudibus
863 751 1016 790 incitata
1033 762 1075 790 ut
1090 752 1282 803 ingentem
1301 763 1428 790 rerum
1445 751 1683 804 impurarum

423 817 629 844 numerum
644 805 900 857 excogitavit,
921 804 1059 857 quibus
1076 805 1196 858 pollui
1216 804 1390 845 homines
1413 815 1530 858 atque
1550 806 1687 859 impia·

425 858 456 896 ri
480 858 745 907 credebantur,
776 856 826 897 sic
850 871 930 905 non
954 858 1077 898 minus
1103 857 1175 898 fuit
1202 859 1239 896 in
1265 856 1546 898 lustrationibus
1571 860 1687 900 inve⁴

425 912 571 951 niendis
590 910 797 965 ingeniosa,
808 925 972 965 quarum
991 924 1066 966 ope
1080 913 1171 951 tanti
1185 911 1269 950 mali
1280 911 1381 951 labes
1395 912 1527 965 depelli
1565 912 1684 954 osset:

425 964 642 1004 lustramina
665 977 762 1005 vero
784 965 864 1005 sive
880 977 1130 1019 purgamenta
1150 965 1221 1004 fibi
1241 964 1513 1018 persuadebant
1559 968 1686 1008 aurire

423 1019 574 1072 penitus
588 1019 628 1058 δι
642 1019 861 1058 combibere
874 1050 885 1067 ‚
905 1019 1088 1072 quidquid
1108 1031 1191 1059 erat
1209 1019 1467 1071 contagionis,
1493 1020 1602 1060 cuius
1615 1033 1686 1061 ex-

425 1072 588 1124 piandae
604 1071 715 1112 causa
727 1072 1084 1113 circumferrentur:
1099 1073 1282 1126 quocirca
1294 1085 1341 1112 ne
1353 1072 1571 1113 contraGkae
1589 1073 1683 1115 labis

426 1126 564 1164 vitium
580 1126 625 1164 ad
650 1126 846 1165 hominem
862 1127 979 1166 ullum
994 1137 1254 1180 permanaret,
1278 1125 1345 1165 sub
1359 1137 1459 1166 terra
1474 1126 1597 1168 defodi
1614 1159 1627 1178 ,
1643 1128 1685 1168 in

425 1191 551 1227 mare,
573 1191 722 1219 montes
734 1209 745 1226 ‚
768 1179 855 1220 loca
867 1180 972 1219 vasta
989 1181 1204 1234 deportari,
1215 1179 1361 1233 saepius
1380 1181 1420 1219 in
1436 1181 1562 1220 triviis
1577 1181 1687 1222 abiici

425 1235 479 1270 τὰ
492 1231 675 1285 καθάρσια
690 1232 882 1273 sacrorum
900 1234 1045 1287 legibus
1062 1233 1132 1274 fuit
1147 1233 1408 1274 constitutum.
1429 1233 1604 1275 Peffimas
1615 1248 1688 1276 va-

422 1286 602 1326 ferrimae
613 1286 808 1340 religionis
827 1298 925 1327 artes
946 1287 1129 1340 sapienter
1142 1288 1269 1327 irridet
1289 1300 1334 1326 ac
1348 1286 1483 1327 refellit
1495 1289 1686 1342 Hippocr.

423 1339 535 1379 initio
557 1340 670 1379 libelli
686 1341 766 1391 περὶ
785 1347 810 1380 1.
825 1345 866 1380 N.
880 1342 1048 1382 Hecatae
1062 1354 1160 1382 vero
1175 1342 1264 1395 quia
1279 1340 1388 1381 velut
1409 1342 1564 1395 propria
1577 1342 1689 1383 cede-

423 1392 519 1433 bant
533 1396 588 1432 τὲι
602 1393 849 1446 καθάρματα,
873 1395 960 1435 ideo
976 1395 1039 1434 vel
1055 1408 1170 1435 omne
1190 1405 1530 1448 purgamentorum
1546 1409 1687 1449 genus,

423 1447 492 1487 vel
505 1448 662 1500 aliquod
678 1447 805 1487 saltem
824 1450 935 1488 certis
947 1450 984 1488 in
994 1448 1278 1489 lustrationibus
1291 1448 1515 1503 usurpatum
1540 1451 1687 1504 (neque

423 1502 526 1540 enim
546 1502 582 1540 id
596 1500 706 1541 facile
729 1501 961 1556 definivero)
976 1501 1160 1542 Ἑκαταῖα
1177 1503 1423 1551 dicebantur;
1441 1516 1540 1556 quae
1553 1503 1581 1543 si
1601 1505 1688 1558 quis

424 1553 546 1594 sciens
560 1555 804 1604 attrectasset,
823 1557 950 1596 cibive
969 1557 1062 1596 loco
1084 1556 1285 1603 sumslffet,
1308 1557 1369 1596 ille
1389 1556 1619 1598 foediffimus
1634 1568 1689 1598 at-

425 1622 504 1661 que
520 1609 738 1649 aversabilis
753 1610 944 1662 piaculum
956 1610 1178 1650 commififfe
1194 1611 1399 1663 putabatur
1414 1610 1521 1650 nullo
1532 1612 1689 1665 piaculo

425 1662 623 1702 luendum.
649 1664 778 1703 Locus
792 1663 845 1703 est
857 1663 1126 1704 Demosthenis
1142 1666 1292 1718 insignis
1303 1664 1413 1704 Orat.
1433 1665 1518 1705 adv.
1530 1664 1691 1707 Conom

424 1730 462 1770 p.
485 1729 498 1754 1
510 1731 524 1755 1
537 1731 583 1766 14
597 1716 649 1756 D.
662 1715 722 1756 sed
736 1716 867 1770 infigni
881 1717 1151 1771 descriptorum
1167 1719 1317 1771 flagitio
1332 1718 1536 1767 mutilatus,
1549 1720 1588 1758 in
1603 1733 1687 1773 quo

424 1770 600 1810 testiculis
625 1770 765 1811 avulsis
795 1771 923 1811 nescio
945 1785 1039 1825 quas
1059 1785 1151 1812 aves
1183 1774 1400 1826 importune
1425 1772 1685 1814 subdiderunt.

425 1824 560 1864 Aristo
583 1824 639 1877 (is
652 1826 751 1864 enim
769 1824 873 1864 auor
889 1825 1094 1866 Cononem
1115 1827 1154 1865 in
1167 1826 1225 1866 ius
1240 1826 1477 1879 vocaverat)
1499 1827 1629 1867 audire
1648 1826 1687 1868 se

423 1876 541 1917 refert
556 1877 764 1918 Bacchium
781 1880 971 1931 quendam
985 1880 1213 1932 (Bacchium
1226 1881 1380 1934 inquam
1390 1909 1401 1927 ‚
1419 1880 1687 1921 aucloritatem

425 1932 564 1984 optimi
577 1932 674 1972 Cod.
690 1932 850 1985 August.
867 1932 1036 1981 secutu53
1056 1947 1142 1973 nam
1164 1935 1339 1986 Κακχιος
1353 1934 1498 1974 nullum
1513 1935 1550 1974 in
1564 1934 1689 1975 Grae·

427 1987 485 2025 cia
501 1998 642 2025 nomen
657 1986 863 2040 reperitur)
880 1987 919 2026 &
934 1987 1205 2028 Aristocratem
1220 1988 1418 2041 ipsumque
1429 1988 1534 2027 illurn
1552 1987 1689 2029 Cono-

425 2051 515 2079 nem
529 2038 696 2091 ἑταίρους
710 2037 804 2080 εἶναι
819 2041 1001 2094 μειράκια
1013 2041 1144 2088 ’όντας,
1159 2042 1222 2080 καὶ
1239 2042 1465 2094 Τριβαλλους
1476 2041 1688 2093 ἐπωνυμίαν

425 2090 550 2144 ἔχειν,
561 2093 710 2132 τούτους
723 2095 775 2133 τά
786 2094 1019 2134 τεἙκαταῖα
1033 2097 1259 2142 κατεσθίειν,
1274 2096 1337 2134 καὶ
1349 2098 1422 2135 τὰς
1433 2097 1542 2149 ’όρνεις
1555 2098 1631 2134 τὰς
1643 2096 1687 2135 ἐκ.

424 2146 500 2186 τῶν
522 2146 660 2199 χορῶν,
675 2144 737 2187 αἶς
757 2147 1000 2201 καθαίρουσιν,
1016 2148 1107 2188 ’όταν
1125 2149 1271 2188 εἰσιέναι
1283 2150 1481 2199 μέλλωσιν.
1495 2147 1690 2199 Wolfius,

425 2201 516 2253 qui,
532 2212 575 2240 ut
586 2200 790 2240 institutam
808 2202 1021 2242 versionem
1036 2203 1393 2256 quomodocunque
1407 2202 1593 2255 impleret,
1606 2204 1688 2242 avi·

425 2255 523 2292 culas
538 2256 686 2309 lustrales
708 2272 724 2294 e
744 2257 890 2296 coetibus
904 2257 1024 2303 dedit,
1045 2258 1210 2305 ingenue
1226 2256 1339 2297 faffus
1351 2256 1442 2296 nihil
1457 2258 1595 2296 horum
1612 2255 1686 2296 fibi

425 2307 601 2361 placere,
623 2310 775 2348 veniam
791 2321 980 2358 meretur:
1002 2304 1263 2372 reponendum
1282 2310 1335 2350 est
1354 2310 1431 2350 fine
1453 2311 1595 2358 dubio,
1617 2310 1687 2350 καὶ

427 2361 513 2401 τοὺς
538 2363 668 2414 ’όρχεις
690 2363 776 2402 τοὺς
799 2364 839 2402 ἐκ,
855 2363 928 2403 τῶν
949 2380 1096 2419 χοιρων,
1120 2361 1171 2404 οἷς
1195 2365 1420 2416 καθαίρουσν
1445 2364 1508 2404 cui
1530 2363 1685 2418 quidem

426 2416 684 2456 emendationi
707 2417 806 2456 haud
827 2431 981 2463 vereor,
1006 2431 1054 2457 ne
1069 2419 1154 2471 quis
1166 2432 1293 2458 rerum
1309 2419 1524 2458 Atticarum
1564 2418 1686 2457 eritus

427 2480 507 2508 non
526 2469 755 2510 subscribat:
778 2469 1191 2525 ostendit'Harpocrat.
1208 2473 1246 2511 in
1257 2471 1468 2525 Καθαρσιον,
1492 2471 1532 2512 &
1575 2470 1686 2511 ollux

424 2523 544 2574 VIII,
563 2538 661 2574 104,
687 2524 820 2566 solitos
848 2524 955 2566 fuiffe
975 2527 1295 2580 Περιστιάρχους,
1318 2537 1527 2579 antequam
1549 2524 1688 2579 populi
