1748 3420
158 230 244 275 IN
291 228 736 276 DIALOGOS
782 230 1144 279 DEORUM.
1195 243 1287 299 333‘

29 317 170 359 Sorani
184 319 229 358 de
245 318 325 357 Vit.
343 318 573 371 Hippocrat.
588 319 654 372 qui
672 318 852 372 pileatum
875 321 912 358 in
936 321 1061 361 multis
1075 322 1286 363 fimulacris

15 412 17 414 ,
31 372 307 424 Hippocratem
323 371 407 410 ideo
419 372 587 424 conspici
600 372 766 420 testatur,
776 374 865 425 quia
879 375 997 425 pileus
1006 374 1052 413 fit
1064 378 1288 427 παράσημον

29 421 230 477 εὐγενείας,
242 437 319 463 non
331 423 436 464 secus
446 438 561 477 quam
576 426 614 464 in
627 425 779 476 Ulysse:
796 428 899 479 atqui
910 427 1181 479 Spartanorum
1195 431 1288 471 haec

30 475 203 530 εὐγένεια
220 479 394 517 omnium
408 490 487 517 erat
501 480 712 518 communis
732 489 846 530 atque
860 481 988 518 eadem
1001 510 1014 526 ‚
1033 493 1111 520 non
1127 482 1288 523 familiae

29 529 219 570 cuiusdam
234 539 301 570 aut
318 532 439 583 gentis
458 533 632 585 propria:
655 532 756 584 pileo
769 531 1088 584 distinguebantur
1103 536 1149 574 ab
1171 537 1288 577 Hilo-

29 584 153 629 tibus,
173 597 272 636 quos
285 583 388 623 κυνιῖν
401 585 545 636 gestare
560 585 782 625 voluerant:
801 584 965 625 fimiliter
984 586 1107 626 Schol.
1125 589 1288 630 Aristot.

31 637 78 676 ad
93 637 205 676 Rhet.
223 637 239 676 I
259 637 381 690 iungit
402 637 597 690 ἐλευθερίαν
621 638 684 676 καὶ
701 634 903 690 εὐγένειαν·
923 640 957 678 ἐν
975 640 1227 690 ΛακειΓοιίμονι
1244 649 1286 682 το

30 688 166 741 κομᾷν,
178 691 323 742 inquit,
342 691 489 738 σημεῖον
511 691 711 742 ἐλευθερίοις
731 692 794 730 καὶ
811 690 1010 743 εὐγενείας.
1026 692 1132 733 Pileis
1152 694 1287 735 Casto-

32 756 120 783 rum
134 745 259 782 ovatis
273 742 471 796 impositus
485 743 603 795 ἀστὴρ
616 742 797 795 ὑπεράνω·
811 746 924 785 talem
935 757 1113 786 ornatum
1131 749 1288 799 pulchre

30 797 175 836 nummi
191 796 433 849 praeferunt,
455 810 554 850 quos
569 811 618 837 ex
641 797 812 837 ditiffima
831 797 952 839 soceri
974 800 1046 838 mei
1068 800 1287 842 Iac.Wildii

29 849 374 889 nomismatotheca
393 851 466 889 iam
489 850 582 890 olim
608 852 828 903 depromtos
852 853 978 891 iterari
1000 852 1098 893 iuffit
1121 854 1166 892 ad
1187 854 1289 896 Sext.

23 903 173 956 ‹Empin
195 918 230 956 p.
252 903 323 956 558
340 904 370 942 Ι.
391 903 479 942 Alb.
498 904 709 944 Fabricius.
731 905 766 944 Si
781 905 929 944 causam
944 918 1124 958 quaeras,
1140 906 1214 958 ipsa
1228 921 1288 947 ra-

30 957 182 996 tionum
195 987 207 1003 ,
227 970 324 1010 quae
342 957 443 996 reddi
464 956 603 1010 poffint
616 987 626 1004 ‚
647 958 755 1010 copia
771 971 850 997 rem
867 960 991 1010 primo
1005 958 1155 1011 aspeau
1176 960 1288 1013 liqui.

31 1010 118 1049 dam
135 1009 333 1050 offuscant.
351 1010 522 1050 Stellulas
535 1041 545 1059 ‚
566 1024 666 1063 quae
688 1012 724 1049 in
747 1011 964 1063 graviflimo
984 1012 1210 1065 tempestatis
1229 1014 1288 1054 fu-

32 1076 122 1103 rore
136 1063 291 1103 transtra
306 1065 460 1103 navium
477 1064 517 1103 δι
531 1075 713 1104 antennas
726 1065 951 1117 persultant,
970 1066 1141 1119 prosperi
1155 1067 1294 1108 cursus

31 1115 210 1156 salutares
225 1118 468 1170 praenuntias
481 1147 491 1164 ‚
511 1116 791 1171 Castorumque
809 1120 953 1158 numini
977 1119 1158 1166 sacratas,
1175 1129 1288 1161 Διοσ-

30 1170 174 1223 κούρους
193 1171 454 1224 appellarunt:
476 1170 643 1222 Hesych.
657 1172 881 1224 Διόσκουροι,
894 1173 1051 1224 ἀστέρες
1064 1173 1093 1212 οἱ
1108 1174 1184 1213 τοῖς
1204 1190 1289 1214 ναυ-

31 1227 261 1274 τιλλομένοις
288 1224 509 1275 φαινόμενοι·
536 1224 710 1264 feruntur
739 1238 897 1278 quoque
922 1227 960 1264 in
988 1227 1171 1277 Lysandri
1198 1230 1287 1268 navi

31 1277 280 1331 conspectae,
299 1290 389 1317 cum
410 1278 458 1316 ad
483 1290 649 1331 pugnam
674 1279 772 1317 illam
797 1280 1106 1325 memorabilem,
1134 1280 1196 1320 vel
1217 1296 1289 1335 po-

33 1332 108 1370 tius
122 1331 320 1371 vicioriam
338 1361 350 1377 ‚
369 1344 444 1384 qua
459 1344 518 1370 res
538 1331 828 1372 Atheniensium
836 1334 999 1387 “attritae
1015 1335 1264 1375 conciderunt
1276 1366 1290 1383 ‚

32 1384 224 1438 prodiret:
251 1385 438 1424 Plutarch.
461 1385 509 1424 T.
537 1385 577 1431 Ι,
601 1399 688 1438 pag.
715 1398 815 1439 439:
835 1388 927 1427 ιἰσαν
953 1387 1000 1426 <52¹
1018 1402 1127 1435 τινες,
1145 1389 1175 1428 οἱ
1201 1390 1290 1429 τοὺς

0 1445 3 1501 l
33 1440 271 1491 Διοσκούρους
293 1439 354 1477 ἐπὶ
379 1438 589 1491 Λυσάνὸρου
605 1440 686 1479 νεὼς
709 1438 940 1491 ἑκατέρωθεν,
962 1441 1026 1480 ὅτε
1051 1441 1118 1480 τοῦ
1144 1444 1289 1493 λιμένος

0 1518 2 1520 v
31 1490 183 1542 ἐξέπλει
197 1490 336 1543 πρῶτον
358 1492 419 1531 ἐπὶ
431 1491 518 1531 τοὺς
529 1493 744 1544 πολεμίους,
759 1491 882 1545 ἄστρα
898 1494 976 1533 τοῖς
989 1494 1103 1545 οἴαξιν
1121 1495 1288 1547 ἐπιλάμ-

32 1544 111 1595 ψαι
133 1546 322 1598 λέγοντες·
337 1545 442 1596 quod
463 1546 558 1586 adeo
579 1559 658 1586 non
674 1546 835 1598 sprevit,
852 1547 1034 1587 virtutive
1048 1548 1136 1588 suae
1154 1550 1291 1589 adver-

33 1598 116 1638 sum
130 1598 273 1638 censuit
291 1599 499 1650 Lysander,
515 1600 610 1638 utin
625 1601 678 1639 rei
698 1600 796 1640 bene
820 1599 942 1652 gestae
956 1603 1178 1642 memoriam
1194 1603 1292 1643 Del-

34 1652 122 1706 phis
135 1653 322 1692 dedicaret
337 1651 501 1706 χρυσοῦς
515 1654 675 1706 ἀστέρας
692 1653 762 1693 τῶν
776 1654 1014 1707 Διοσκούρων,
1029 1657 1092 1708 qui
1106 1657 1235 1696 omine
1248 1657 1294 1696 fi-

33 1705 153 1746 nistro
170 1706 284 1758 paulo
299 1719 384 1745 ante
403 1706 638 1747 Leuctricam
659 1706 799 1747 cladem
816 1707 1065 1760 diffugerunt,
1087 1709 1221 1749 eodem
1236 1722 1292 1750 te-

33 1758 89 1799 ste
102 1759 306 1800 Plutarcho
317 1760 367 1799 T.
387 1759 426 1808 Ι,
446 1774 481 1813 p.
498 1762 649 1814 443‚T.
668 1761 725 1807 Π,
751 1775 786 1813 p.
803 1775 876 1814 397
888 1761 930 1800 F.
948 1763 1050 1802 Hinc
1061 1761 1191 1814 fratres
1212 1765 1292 1802 He-

33 1813 130 1852 lenae
148 1815 260 1852 lucida
269 1815 382 1866 fidem
389 1829 406 1860 ;
417 1814 547 1867 gemina
559 1815 668 1853 Ledae
675 1815 789 1865 fidera
799 1830 815 1862 ;
835 1815 1119 1866 Λοικεὲοιιμόνιοι
1138 1818 1290 1869 ἀστέρες

34 1865 271 1908 Callimacho
287 1873 326 1906 Α.
346 1871 392 1907 Π.
407 1881 445 1906 v.
466 1881 511 1919 25
524 1882 536 1915 3
550 1868 605 1914 δι,
621 1869 726 1921 quod
742 1867 974 1915 inusitatius,
981 1871 1078 1921 stella
1092 1883 1165 1920 pro
1179 1871 1295 1923 Tyn..

28 1920 168 1960 daridis
180 1922 277 1974 apud
290 1920 405 1960 Ovid.
424 1921 462 1960 in
474 1921 532 1961 Ib.
545 1936 584 1961 v.
601 1934 688 1973 514,
705 1922 823 1961 modo
839 1923 948 1962 locus
964 1922 1028 1961 iste
1044 1924 1142 1963 vitio
1154 1936 1292 1965 careat.

35 1973 272 2027 Neutiquam
288 1975 469 2014 abhorret
479 2004 491 2022 ‚
510 1986 554 2015 ut
568 1977 759 2028 praecipui
772 1978 940 2015 muneris
952 1976 1094 2029 insigne
1105 1979 1293 2031 capitibus

36 2026 255 2080 impositum
271 2028 504 2068 ostentarint.
519 2029 601 2068 Nec
616 2040 741 2068 tamen
755 2041 833 2068 non
847 2029 950 2069 stella
969 2031 1092 2070 videri
1109 2031 1233 2084 potest
1247 2031 1295 2071 si-

37 2093 156 2134 gnum
180 2082 420 2121 ἀποθεώσεως
434 2082 705 2135 honorumque
728 2083 946 2123 divinorum
958 2113 972 2129 ‚
990 2097 1112 2137 quos,
1128 2084 1156 2123 fi
1171 2085 1296 2138 Apol-

37 2135 178 2175 lodoro
193 2136 339 2176 constat
355 2135 448 2176 fides
463 2137 562 2189 apud
575 2135 694 2176 Clem.
711 2136 849 2176 Strom.
868 2137 907 2185 Ι,
926 2150 1010 2190 pag.
1027 2153 1099 2191 322
1113 2139 1155 2177 B.
1170 2139 1296 2193 adepti

37 2187 126 2228 sunt
144 2202 246 2229 anno
262 2190 375 2229 tertio
398 2191 438 2228 δε
459 2189 798 2243 quinquagesimo,
823 2190 1023 2243 postquam
1051 2192 1089 2230 in
1115 2192 1294 2232 Deorum

36 2242 212 2282 ordinem
226 2242 432 2296 adscriptus
445 2241 516 2283 fuit
527 2244 727 2283 Hercules.
741 2242 897 2284 Referat
912 2243 1047 2297 aliquis
1058 2275 1071 2292 ,
1090 2258 1159 2285 nec
1177 2247 1300 2286 mino-

39 2308 83 2336 re
99 2297 191 2335 iuris
207 2296 328 2349 specie
339 2326 352 2343 ,
366 2298 411 2335 ad
432 2297 618 2349 originem
634 2310 655 2335 a
669 2297 766 2337 Iove
781 2298 929 2337 ductam
943 2329 954 2345 ‚
974 2311 1089 2350 quem
1102 2299 1205 2345 sunt,
1228 2301 1300 2354 qui

40 2350 256 2388 tradiderint
273 2349 429 2389 affumta
442 2350 568 2390 stellae
589 2351 712 2391 forma
728 2352 865 2390 Ledam
880 2352 1044 2392 vitiaffe:
1061 2352 1218 2392 obviam
1240 2367 1302 2393 ra-

42 2415 90 2442 ro
105 2402 271 2442 fabulam
289 2404 464 2443 discimus
485 2404 531 2443 ab
545 2405 702 2444 au&ore
720 2405 863 2445 Homil.
881 2405 1003 2445 Clem.
1017 2407 1073 2451 V,
1091 2406 1106 2455 §
1131 2421 1187 2459 13·
1208 2407 1300 2460 Iup-

42 2457 140 2508 piter
162 2457 284 2508 ἀστὸς
303 2460 503 2509 ’γενόμενος
522 2459 699 2509 Κάστορα
718 2459 781 2497 καὶ
800 2459 1038 2499 Πολυὸεὑκην
1060 2459 1230 2510 ἐξέφηνεν·
1251 2473 1301 2501 ne

25 2508 144 2554 fiveto
160 2509 290 2551 testem
310 2513 349 2551 in
363 2522 470 2553 tanto
491 2512 675 2553 miraculo
691 2510 899 2553 solitarium
919 2513 1086 2567 graveris
1098 2544 1111 2560 ,
1133 2514 1301 2554 Tzetzen
