1748 3420
131 213 212 258 IN
245 209 653 257 D1ALoGoS
687 210 1187 259 MORTuoRuM.
1222 227 1310 275 445

52 301 333 356 Moschopulus
346 302 566 342 assentiatur
577 314 663 355 pag.
675 315 716 351 7,
732 314 824 348 202,
840 301 931 341 nihil
953 301 1006 341 est
1022 332 1032 349 ‚
1055 302 1161 354 quod
1174 302 1318 342 horum

54 356 445 396 Grammaticulorum
459 355 663 395 auetoritas
681 368 915 407 magnopere
927 368 998 394 nos
1012 368 1193 403 movear,
1212 368 1318 396 utta-

54 422 133 462 que
157 409 342 449 scribendi
363 410 482 454 ratio,
502 408 622 448 finon
643 408 817 448 usitatior
840 409 924 454 illa,
951 422 1051 461 quae
1079 423 1201 461 pravo
1225 411 1320 450 iudi-

55 463 118 503 cio
133 463 330 516 premitur,
345 463 498 516 perinde
518 461 646 500 saltem
666 462 816 500 usitata:
841 461 1006 501 similiter
1020 463 1111 502 urbs
1132 464 1319 504 Thraciae

55 515 140 556 Ἠὼν
157 516 321 557 &’1-li'c‹'›v.
338 518 489 556 Vocem
505 515 655 554 restitue
668 516 828 554 Libanio
843 515 1041 554 Demosth.
1058 517 1174 569 Apol.
1187 531 1221 569 p.
1240 532 1315 567 452

54 570 100 610 B.
120 566 244 621 bio-ore?
257 570 286 609 οἱ
302 572 434 609 πολλὰ
453 568 653 619 ἑωρακότες
665 571 836 620 ναυάγια
849 568 920 608 τῶν
938 571 1234 620 παραπλεόντων
1246 570 1319 610 τῶν

57 623 110 663 εἰς
124 626 326 675 τὰςμονὲις
340 622 648 673 ἑκβεβρασμένων·
674 621 811 674 legeris
825 620 931 660 ἢὸνας
953 622 1017 661 vel
1043 620 1164 662 ἠϊόνας
1176 652 1186 670 ,
1212 623 1321 663 scru-

58 676 170 729 pulus
183 678 307 716 omnis
326 677 395 715 erit
415 675 599 714 sublatus:
618 688 690 728 pro
708 687 818 715 more
841 673 912 715 suo
928 674 1112 715 mirificus
1131 676 1183 715 est
1203 677 1241 715 in
1261 674 1340 717 his'

58 730 248 770 vertendis
268 731 463 782 interpres.
488 729 649 768 HEMST.

111 785 185 823 ead.
205 785 228 822 l.
243 783 280 822 6.
302 786 358 821 T&
371 782 539 834 ἔπιπλα)
555 783 613 820 Τὰ
627 782 872 835 ἐλαφρότατα
891 782 960 823 τῶν
973 783 1192 833 κτημάτων,
1212 786 1320 836 παρὰ

57 839 100 876 τὸ
116 837 370 888 ἐπιπολάζειν.
399 837 573 875 BOURD.

111 893 185 929 ead.
193 892 217 929 l.
234 905 292 943 13.
304 888 556 942 Ἀποῤῥέφθων)
568 888 665 928 Sana
673 888 798 937 leaio,
807 901 923 942 quam
933 890 1042 929 varie
1052 889 1233 929 inutiliter
1241 901 1322 929 ten-

58 953 150 984 tant.
167 944 343 983 BouRD.
359 943 597 991 Benedictus,
606 944 748 995 proieci.-
768 954 891 988 verte,
901 943 1132 996 proiiciantur.
1149 943 1321 984 GUYET.

58 997 135 1038 Pro
147 994 477 1050 ἄποῤῥιφθήτωσαν
495 996 645 1043 Attice,
663 997 894 1047 proiiciuntor‚
922 1009 1003 1035 non
1021 997 1168 1050 proieci,
1187 1007 1231 1035 ut
1251 997 1324 1036 ha-

59 1051 124 1090 bet
151 1052 360 1104 interpres,
388 1049 497 1102 ‘quasl
520 1049 610 1089 ess'et
634 1049 866 1101 ἀστεῤῥίφθην.
893 1048 1019 1089 erm.
1050 1050 1183 1102 Quale
1205 1064 1324 1090 mon-

60 1103 181 1144 strum
193 1104 284 1144 illud
297 1102 519 1156 ἁποῤῥίφθων
532 1118 544 1151 ;
557 1104 830 1143 Bourdelotius
841 1114 968 1142 tamen
982 1103 1107 1143 sanam
1119 1104 1322 1144 lectionem

61 1158 233 1197 affirmat.
250 1157 398 1210 Quidni
410 1157 546 1196 addidit
558 1188 569 1204 ‚
585 1170 704 1210 quare
719 1157 758 1196 δι
772 1157 994 1210 quomodo?
1007 1157 1174 1210 Ingenue
1187 1157 1324 1207 fateor,

61 1224 124 1251 me
138 1224 217 1251 non
229 1211 450 1263 intelligere.
466 1211 593 1251 Video
606 1212 747 1263 requiri
761 1210 974 1262 ἀπέρῥιφθον
987 1212 1024 1249 in
1035 1212 1150 1251 duali.
1161 1211 1220 1251 Sic
1233 1225 1328 1264 pau-

0 1301 1 1315 ,
60 1266 102 1305 10
114 1265 197 1319 post
212 1267 262 1304 ait
273 1265 503 1318 Lampichus
512 1294 526 1311 ,
544 1264 637 1303 Ἰδού
651 1279 707 1304 σοι
726 1264 742 1302 ὃ
760 1266 924 1303 πλοῦτος
944 1265 1192 1317 απὲῤῥιπται.
1212 1266 1328 1305 Cete-

60 1334 146 1358 rum
163 1320 372 1358 notandum
385 1318 453 1364 est,
465 1319 690 1370 Menippum
709 1318 767 1358 hic
782 1318 921 1365 dicere,
932 1317 999 1356 fibi
1010 1332 1139 1371 peram
1157 1319 1194 1358 δε
1209 1320 1326 1360 bacu-

60 1372 142 1412 lum
153 1372 300 1412 abieaa
308 1373 381 1412 effe
391 1383 494 1418 ante,
502 1385 617 1425 quam
629 1371 810 1423 ingreffus
821 1371 865 1410 stt
875 1372 1058 1424 cymbam
1068 1387 1079 1419 ;
1095 1386 1184 1412 cum
1197 1384 1325 1413 tamen

0 1421 1 1426 ¹
61 1426 162 1466 infra
180 1428 256 1466 iam
271 1427 372 1479 apud
389 1425 532 1466 inferos
544 1425 647 1465 Dial.
663 1426 737 1464 XX
755 1436 912 1478 rogetur
927 1426 973 1464 ab
986 1425 1219 1478 Pythagora,
1235 1428 1327 1479 quid

59 1481 100 1520 in
119 1494 208 1534 pera
223 1481 380 1529 habeat;
397 1481 438 1520 δι
449 1479 552 1519 Dial.
565 1479 677 1519 XXII
691 1480 763 1517 iam
777 1480 920 1518 dudum
932 1478 1059 1519 soluto
1070 1481 1243 1533 navigio,
1259 1481 1329 1520 fin-

65 1545 177 1587 gatur
188 1535 326 1574 baculo
335 1533 404 1574 suo
411 1533 601 1573 Charonti
609 1533 795 1572 intentare
807 1534 988 1581 verbera3
1000 1545 1114 1586 atque
1128 1534 1143 1583 §
1155 1549 1172 1587 3
1189 1546 1330 1586 pateat,

63 1589 176 1628 etiam
190 1601 271 1628 tum
286 1589 429 1627 habere
443 1601 530 1627 eum
546 1599 688 1640 peram.
703 1586 807 1625 IENs.
825 1586 1061 1639 Ἀστεῤῥῐφθων
1075 1588 1147 1626 Ms.
1161 1587 1212 1627 O.
1223 1589 1329 1627 Atti-

0 1671 1 1675 ,
63 1656 153 1682 cum
172 1642 225 1682 est
246 1656 319 1694 pro
340 1641 627 1693 ἀπεῤῥίφθωσαν.
650 1641 775 1680 Huius
801 1642 984 1693 temporis
1005 1641 1180 1692 exempla
1194 1642 1330 1682 videfis

62 1696 211 1736 'Eorta-n.
231 1709 266 1736 c.
285 1710 345 1744 14,
361 1696 485 1736 διἹΞτ.
509 1701 555 1734 Δ.
569 1694 625 1733 XI
648 1694 880 1733 desinente*
906 1695 949 1733 ln
971 1695 1155 1747 impreffis
1178 1696 1329 1748 &wofiji-

65 1751 168 1797 φθων.
179 1750 338 1790 SOLAN.
348 1749 381 1787 V
389 1750 488 1796 iden,
501 1747 664 1788 levicula
677 1749 813 1787 menda
823 1760 917 1800 quas
928 1749 1061 1787 turbas
1073 1749 1230 1795 dederlt‚
1238 1751 1331 1789 dum

64 1804 166 1843 doffi
179 1805 252 1843 viri
266 1804 417 1856 linguae
430 1802 602 1843 Graecae
615 1803 834 1841 rudimentis
848 1802 974 1841 minus
989 1804 1198 1842 attendunt.
1211 1804 1330 1843 Mira*

64 1859 98 1897 ri
117 1858 210 1897 libet
230 1859 392 1897 errantis
405 1856 645 1896 Bourdelotii
659 1855 914 1909 supercilium.
934 1856 1053 1895 Reae
1069 1869 1165 1896 vero
1186 1857 1332 1898 doctiss.

63 1911 209 1951 lenfius
222 1912 339 1950 literis
354 1912 400 1949 ad
412 1924 473 1949 me
487 1910 629 1963 scriptis
642 1911 810 1956 monuit,
828 1922 907 1948 non
920 1909 1133 1961 ἀπέρῥιφθον
1147 1911 1272 1950 dicere
1293 1912 1331 1951 se

65 1965 233 2004 debuiffe
246 1994 257 2012 ‚
271 1964 331 2004 sed
345 1963 578 2018 ἁπερῥίφθων.
594 1964 690 2003 Illud
704 1976 831 2003 autem
846 1963 948 2002 duali
965 1966 1221 2016 numero‚qui
1238 1977 1334 2004 con-

65 2019 173 2058 venit
192 2019 252 2057 hic
273 2019 372 2065 loci,
395 2031 441 2056 an
464 2018 599 2071 plurali
610 2018 831 2057 Atticorum
847 2029 954 2056 more
970 2030 1042 2069 pro
1056 2018 1333 2070 &orep'p‘ioeomo-av

67 2073 241 2125 accipias,
254 2072 344 2110 nihil
360 2071 474 2111 refert
489 2086 496 2110 ;
513 2071 566 2111 est
578 2073 795 2120 enimvero,
806 2071 1077 2111 Grammaticis
1090 2072 1333 2121 dictantibus,

68 2127 208 2166 Atticis
225 2126 430 2165 admodum
452 2125 634 2164 familiare
647 2156 656 2173 ,
680 2136 723 2164 ut
740 2124 931 2176 χρίισῦων,
948 2128 1165 2178 μαχέσῢων
1187 2138 1335 2178 ponant

66 2193 140 2232 pro
151 2180 398 2234 χρὴσὲϊωσαν,
411 2179 695 2232 μαχέσὲωσαν·
709 2178 759 2218 sic
773 2178 991 2229 ἀξιοὺσῦων,
1001 2175 1213 2230 {inpiis-3:211,
1229 2180 1334 2230 ἐρ’ῥώ-

66 2238 166 2273 σῧων
185 2234 286 2287 apud
299 2233 466 2272 Philostr.
479 2247 515 2286 p.
533 2234 624 2284 605,
640 2233 732 2280 620,
745 2232 838 2279 807,
862 2232 1096 2275 κεκαλὺωθων
1116 2233 1154 2272 &
1171 2233 1279 2285 plura
1293 2235 1334 2273 in

66 2286 276 2327 Clementis
288 2287 444 2338 Paedag.
458 2301 494 2338 p.
516 2300 558 2335 ¹7
567 2299 601 2332 1,
613 2286 674 2325 sed
685 2299 764 2325 non
777 2288 825 2325 ita
838 2288 1053 2339 proprium,
1068 2287 1160 2339 quin
1173 2287 1254 2326 aliis
1272 2301 1335 2327 ea-

68 2341 156 2380 dem
177 2354 334 2394 quoque
355 2340 480 2379 forma
496 2340 690 2393 placuerit.
714 2341 814 2379 Vide
829 2341 947 2380 modo
969 2339 1086 2379 Foed.
1101 2341 1337 2394 Hierapytn.

68 2395 110 2434 δι
125 2394 260 2434 Prians.
274 2409 310 2448 p.
333 2409 347 2433 1
357 2409 404 2433 20
418 2395 555 2433 Marm.
567 2393 700 2433 Oxon.
724 2394 887 2433 HEMST.

113 2467 132 2486 ’⁶
153 2464 304 2497 Alterum
324 2464 390 2496 hoc
411 2465 599 2508 exemplum
613 2475 656 2499 ex
679 2462 747 2497 Ἑτ.
761 2465 807 2496 Δ.
825 2463 869 2497 ΧΙ
897 2462 956 2499 fin.
973 2463 1070 2496 nihili
1090 2463 1153 2507 est,
1170 2473 1210 2497 ut
1232 2464 1337 2508 inspi-

71 2508 175 2543 cienti
198 2509 338 2553 patebit.
365 2509 495 2542 Rerrz.
