1716 3415
383 191 471 233 104
681 166 1327 213 LUCIANI

456 271 582 309 ΠΟΣ.
613 247 850 324 Ἐλευθεραν
871 275 986 307 τινα,
1008 258 1041 303 ὠ
1021 248 1244 324 Τρίτων,
1267 249 1434 318 λέγεις,
1456 278 1478 314 η
1461 246 1675 335 θερεί-

380 342 518 386 παινα
538 352 598 385 τις
619 327 830 398 ὑδροφορος
850 330 979 379 ἐστίν
969 353 980 387 5

457 420 493 456 Τ
495 420 591 455 PIT
620 401 846 472 Ουμενουν·
871 401 1003 455 ἀλλα
1021 427 1090 454 του
1067 403 1325 454 Δαναοῧ
1315 409 1458 456 εκείιου
1479 403 1638 469 θυγα-

383 505 475 548 τῆρ,
498 485 613 548 μία
598 504 675 530 των
691 503 943 539 πεντηκοντα
959 503 1033 530 και
1054 473 1181 539 αὐτη,
1198 480 1428 548 Ἀμυμώνη
1444 478 1638 568 τουνομα·

384 556 586 624 ὲπυθσμην
607 578 720 620 γαρ,
742 579 826 615 ητις
844 559 1019 607 καλοίτο
1033 593 1043 610 ,
1062 579 1137 606 και
1157 579 1201 605 το
1220 552 1348 618 γένος.
1369 580 1387 606 ο
1376 552 1577 612 Δαναος
1596 547 1681 606 δε

385 635 704 702 σκλνραγωγεῖ
710 655 789 689 τας
803 628 1059 702 θυγατέρας
1071 669 1081 686 ,
1098 654 1173 682 καί
1189 635 1423 702 αυτουργεῖν
1440 632 1641 686 ὃιὸασκει,
1676 637 1681 642 ”

386 732 465 759 και
500 704 663 797 πέμπει
695 709 796 775 υδωρ
816 730 858 758 τε
880 703 1162 778 αρυσομένας,
1191 730 1267 758 και
1302 731 1400 778 προς
1430 730 1488 758 τα
1509 706 1645 757 ἄλλα
1678 704 1684 711 ’

387 780 614 835 παιδευει
594 807 760 841 αοκιους
783 791 878 833 εἶναι
901 783 1050 839 αὐτάς.

463 875 590 911 ΠΟΣ.
621 859 742 919 ΒῙονη
765 849 807 909 δε
827 864 1113 926 παραγίνεται
1142 880 1317 929 μακραν
1339 881 1441 910 ουτω
1470 881 1537 917 την
1558 852 1645 908 ὁὸὶν
1678 877 1685 926 ss

388 935 455 999 ἐξ
458 926 664 1005 Αργσυς
654 957 692 990 ες
713 932 895 1006 Λέρναν·
885 973 896 993 ,

464 1027 500 1062 Τ
504 1027 598 1062 PIT
630 1011 767 1070 Mam
794 1007 1041 1074 πολυδίψιον
1071 1000 1169 1059 δε
1135 1032 1180 1059 το
1198 998 1436 1079 ''Ap'yoffi
1408 1033 1463 1066 ως
1491 1008 1643 1061 οἱα-θα·

388 1083 496 1137 ἑοστε
516 1086 689 1150 ἀνάγκη
710 1084 774 1136 αει
803 1088 931 1158 υδροζὲ
936 1088 1038 1156 σρεῖν.

465 1179 592 1214 ΠΟΣ.
611 1154 693 1212 Ω
716 1163 896 1233 Τρίτων,
921 1186 963 1214 ου
980 1164 1157 1253 μετρίως
1176 1182 1235 1229 με
1256 1159 1503 1232 διετάραξάς
1524 1152 1648 1212 eimau

390 1261 449 1288 τα
467 1260 556 1308 περι
577 1261 648 1296 της
666 1238 831 1294 παιδσς”
853 1259 960 1288 ooo-re
980 1238 1102 1305 ἳωμεν
1125 1237 1190 1287 ἐπ
1210 1233 1348 1295 αὐτην.

454 1329 491 1364 T
494 1329 589 1364 PlT
592 1301 759 1380 Ιωμεν·
772 1313 841 1373 νὸη
855 1335 947 1380 γαρ
961 1334 1099 1383 καιρος
1111 1337 1180 1372 της
1193 1312 1442 1401 υὸροφορίας.
1457 1334 1532 1362 και
1543 1332 1650 1374 σχε-

390 1387 452 1439 ‹50'v
476 1411 556 1438 που
577 1411 698 1438 κατα
718 1411 849 1457 μευ-νν
868 1412 935 1449 την
960 1387 1080 1439 ὁδόν’
1070 1410 1175 1438 εστιν
1199 1388 1321 1443 200⁵-oe
1338 1389 1375 1445 ἐς
1390 1411 1456 1448 την
1472 1383 1647 1459 Λερναν.
1671 1454 1678 1463 Ι

435 1486 452 1516 5
478 1474 523 1505 ‘O
547 1474 653 1506 Δαναιὶ
642 1489 669 1510 ς
688 1489 719 1506 uf
711 1474 831 1518 )T0u
836 1488 891 1507 των
911 1488 948 1507 τα
932 1475 967 1506 37,-
990 1486 1027 1506 πε
1030 1488 1118 1508 ντηκε
1123 1488 1178 1507 ντα
1197 1488 1309 1518 orcamp.
1329 1475 1374 1509 V.

443 1538 535 1586 Nep.
562 1535 825 1588 Ingenuamne
847 1536 957 1583 dicis,
975 1536 1142 1583 Triton,
1164 1548 1212 1576 an
1227 1535 1368 1576 famula
1388 1535 1575 1590 quaedam
1596 1536 1650 1577 est

390 1596 438 1636 ad
462 1610 599 1650 aquam
622 1596 838 1637 ferendam?

450 1661 521 1699 Tri.
550 1660 830 1712 Nequaquan13
863 1659 923 1699 sed
947 1658 1074 1698 Danai
1100 1658 1203 1699 istius
1231 1659 1333 1706 filia,
1358 1672 1438 1699 una
1462 1660 1651 1714 quinqua-

389 1737 573 1776 genarum
593 1722 633 1761 &
652 1722 727 1776 ipsa
741 1753 750 1768 ‚
777 1723 1006 1775 Amymone
1026 1723 1202 1762 nomine:
1229 1721 1432 1763 sciscitatus
1451 1723 1552 1763 enim
1567 1723 1650 1764 sum

390 1788 431 1827 δε
453 1787 653 1839 quomodo
671 1798 837 1826 vocetur
851 1818 862 1835 ‚
888 1787 929 1826 &
950 1800 1081 1839 genus.
1099 1786 1261 1826 Danaus
1288 1799 1415 1826 autem
1441 1787 1571 1827 durius
1585 1788 1653 1828 ha-

389 1850 455 1888 bet
476 1849 570 1888 filias
583 1880 594 1897 ‚
619 1849 657 1887 δι
683 1849 728 1888 ad
747 1861 848 1901 opus
868 1847 945 1888 suis
966 1849 1139 1888 manibus
1154 1847 1373 1888 faciundum
1392 1848 1574 1898 instituit,
1594 1860 1652 1889 at-

391 1926 467 1965 que
492 1913 603 1952 etiam
631 1912 745 1951 mittit
770 1924 910 1964 aquam
937 1911 1154 1951 hausturas:
1179 1911 1226 1950 ad
1248 1923 1374 1952 cetera
1397 1925 1517 1965 porro
1539 1911 1652 1952 mini-

391 1973 498 2013 steria
518 1974 782 2014 condocefacit
797 2005 807 2020 ‚
833 1984 877 2013 ut
899 1974 1082 2027 impigrae
1099 1972 1183 2013 fint.

443 2039 534 2088 Nep.
563 2036 701 2076 Solane
726 2035 883 2076 conficit
901 2046 977 2076 tam
1002 2036 1162 2089 longum
1186 2036 1256 2076 iter
1272 2035 1388 2088 Argis
1405 2036 1450 2075 ad
1465 2035 1652 2077 Lernam?

445 2099 512 2137 Tri.
544 2098 652 2138 Sola:
677 2097 790 2137 valde
809 2110 937 2137 autem
963 2095 1195 2138 fiticulosum
1215 2097 1269 2136 est
1292 2096 1448 2150 Argos,
1469 2106 1513 2137 ut
1533 2095 1651 2138 nosti:

389 2170 506 2212 atque
530 2161 627 2199 adeo
653 2158 799 2200 neceffe
819 2159 873 2199 est
890 2158 1037 2213 iemper
1057 2171 1194 2211 aquam
1217 2171 1266 2198 eo
1294 2157 1404 2198 ferre.

443 2223 501 2260 N
485 2236 534 2273 e.p
564 2222 655 2261 Non
676 2233 744 2270 tu,
762 2222 922 2269 Triton,
944 2221 1186 2261 mediocriter
1206 2233 1267 2259 me
1286 2218 1541 2268 conturbasti,
1558 2232 1648 2260 cum

389 2284 610 2337 persecutus
634 2297 697 2333 es,
723 2298 822 2338 quae
845 2284 1013 2339 spe&ant
1039 2284 1085 2323 ad
1109 2283 1300 2337 puellam:
1325 2295 1446 2336 quare
1471 2282 1651 2323 adeamus

390 2345 436 2386 ad
462 2359 558 2384 eam.

445 2409 512 2447 Tn‘.
546 2408 704 2448 Eamus:
731 2408 805 2448 iam
834 2409 933 2448 enim
961 2420 1112 2462 tempus
1141 2406 1194 2447 est
1222 2405 1460 2460 aquationi53
1484 2405 1524 2447 δι
1546 2404 1651 2456 fere,
1700 2448 1706 2462 ,

388 2469 428 2513 ni
454 2469 591 2520 fallor,
613 2471 652 2512 in
673 2471 797 2513 media
828 2470 999 2513 versatur
1021 2471 1084 2513 via
1107 2481 1241 2526 petens
1264 2469 1439 2513 Lernam.
