1748 3420
442 265 534 312 2u
637 239 1500 292 ANNOTATTONES

487 339 566 377 ibid.
583 337 731 390 Ἀετον)
750 338 815 376 Bis
828 366 840 382 ‚
856 337 983 389 primo
1004 346 1048 374 ut
1067 334 1337 385 Ganymedem
1359 335 1398 373 in
1417 334 1548 374 coelos
1564 342 1695 387 porta·

438 403 520 439 ret;
539 390 706 429 secundo
720 401 764 428 ut
777 389 948 429 Asterien
970 390 1007 427 in
1023 389 1262 428 coturnicem
1279 387 1426 427 versam
1445 388 1570 428 secum
1597 388 1696 428 abri-

436 454 553 498 peret.
566 444 668 483 Vide
679 443 799 483 Ovid.
816 443 978 487 Met.X,
999 441 1024 480 f.
1036 457 1082 490 4,
1098 441 1138 480 &
1153 441 1211 481 VI
1223 472 1234 490 ,
1254 441 1280 480 f.
1303 455 1337 480 2.
1354 441 1475 480 LEED.

488 500 562 537 ead.
577 499 601 537 l.
617 511 630 535 1
644 510 675 536 1.
696 495 982 550 Μαγγανεύειν)
999 496 1231 548 Μαγγανείοι
1243 523 1253 540 ,
1275 496 1443 547 γοητεία.
1464 494 1565 533 Suid.
1583 495 1694 547 {Le'e'y-

435 564 546 603 ’γανα
559 582 573 597 ,
595 550 860 603 γοητεύματα.
876 548 1044 600 Hesych.
1054 548 1329 601 μαγγανεύειν,
1346 547 1550 601 γοητεύειν.
1565 547 1693 588 Schol.

437 604 630 658 Aristoph.
644 604 688 643 ad
703 603 801 642 Plut.
816 616 927 657 p.3·5.
941 602 1096 642 SOLAN.

491 659 580 711 Pag.
598 658 664 710 5.l.
686 671 716 696 1.
736 657 819 696 Πῶς
838 659 894 696 οὖν
913 656 1014 708 διε.)
1034 655 1097 694 De
1116 654 1292 694 Brancho
1313 664 1420 693 notat
1435 653 1626 706 Iungerm.
1646 654 1693 694 ad

433 712 557 765 Long.
575 724 658 771 pag.
677 710 771 763 236.
791 722 838 749 ex
863 709 1062 754 hocloco,
1076 718 1270 758 praeterea
1284 719 1445 746 monens
1457 708 1496 745 in
1511 707 1568 746 ed.
1583 706 1694 748 Bafil.
1726 727 1728 730 >

438 766 537 805 male
550 765 609 805 hic
625 762 840 816 impress'um
854 761 929 802 effe
952 761 1032 802 πῶς
1054 759 1144 802 εἶναι
1159 773 1229 814 pro
1247 759 1330 800 ’πῶς
1351 756 1423 814 οὖν,
1437 764 1620 813 quomodo,
1636 760 1694 800 in-

437 821 520 872 quit
531 849 542 867 ,
563 834 630 858 non
645 819 746 858 hercle
752 817 856 869 semel
867 828 996 855 tantum
1009 816 1054 854 ihi
1064 827 1235 868 peccatum
1249 816 1301 867 est.
1315 814 1478 853 HEMST.

493 873 572 911 ibid.
586 871 627 910 ‘O
643 870 840 925 Βράγχος)
857 869 989 922 Quem
1007 869 1067 908 hic
1081 867 1273 920 Apollinis
1286 867 1466 907 amasium
1480 867 1670 907 Lucianus
1680 897 1694 914 ,

437 939 461 965 a
481 926 603 965 Statio
617 924 739 964 filium
757 925 829 963 dici
850 924 977 963 audio.
999 920 1245 962 Interfeeum
1268 920 1413 974 templo
1434 920 1475 960 δι
1494 921 1694 961 divinitate

436 980 622 1020 donavit:
639 978 750 1017 Alex.
771 978 817 1016 ab
831 977 943 1016 Alex.
956 975 1034 1022 VI,
1057 989 1091 1014 2.
1113 975 1270 1015 SOLAN.

491 1036 563 1072 ead.
579 1034 601 1070 l.
622 1047 657 1084 3.
675 1028 858 1083 Κομήτην)
873 1030 942 1070 Iul.
964 1028 1056 1068 Poll.
1072 1029 1136 1068 lib.
1162 1043 1183 1067 2
1197 1056 1208 1074 ‚
1228 1041 1308 1079 cap.
1325 1028 1371 1067 de
1383 1026 1589 1068 Tonsorib.
1609 1026 1695 1067 Phi·

435 1086 540 1125 lostr.
555 1087 713 1125 Heroic.
737 1084 778 1123 δε
798 1084 862 1123 lib.
881 1098 895 1122 1
916 1083 1077 1122 -Anthol.
1095 1081 1223 1134 Apoll.
1242 1081 1370 1122 Rhod.
1392 1081 1454 1120 lib.
1477 1095 1513 1120 2.
1533 1081 1695 1133 Intonsus

437 1142 540 1177 Deus
563 1151 636 1191 pro
652 1138 844 1192 Apolline.
871 1137 1043 1190 Propert.
1071 1136 1150 1176 Ecl.
1170 1134 1231 1180 ΙΙ,
1257 1135 1320 1173 lib.
1345 1149 1376 1186 3.
1403 1134 1494 1174 Stat.
1509 1134 1555 1173 de
1570 1133 1697 1174 Coma

436 1192 578 1231 Earini.
593 1193 728 1231 Horat.
743 1203 856 1244 atque
872 1191 922 1230 illi
943 1188 1083 1240 χρυσοῖ
1093 1188 1266 1239 βόα-τρυχ
1271 1203 1312 1226 οι.
1328 1188 1474 1226 Aelian.
1493 1202 1596 1227 ποικ.
1610 1200 1697 1241 cap.

439 1259 485 1284 21
504 1245 529 1284 1.
551 1260 582 1284 1.
604 1246 656 1284 Id.
672 1244 724 1284 D.
737 1244 791 1283 D.
804 1244 924 1293 XVI,
938 1244 979 1282 &
997 1242 1191 1283 Pseudom.
1206 1242 1296 1281 haec
1308 1240 1510 1280 notiffima.
1524 1241 1698 1281 BOURD.

493 1301 566 1338 ead.
587 1299 611 1339 l.
632 1299 667 1338 6.
685 1297 899 1350 Καθειμένος
921 1294 1175 1349 βοστρύχους)
1197 1294 1257 1334 Sic
1273 1294 1377 1348 post,
1399 1293 1510 1340 βαθὺν
1528 1294 1698 1348 πώγωνα

438 1351 652 1404 καθειμένον.
665 1350 795 1391 Piscat.
816 1350 832 1400 §
852 1364 864 1388 ι
877 1364 907 1390 1.
923 1351 1010 1389 vide
1023 1350 1136 1389 Brod.
1152 1349 1324 1388 BOURD.

491 1409 563 1445 ead.
580 1407 603 1445 l.
617 1420 654 1456 7.
671 1404 723 1456 Τῆ
735 1404 867 1457 μίτρα)
886 1403 946 1444 Sic
965 1401 1069 1443 Dial.
1082 1403 1168 1442 Iun.
1183 1401 1226 1440 ὃ(
1240 1402 1356 1441 Iovis.
1366 1401 1473 1454 Virg.
1487 1415 1511 1450 4
1523 1401 1622 1441 Aen.
1635 1401 1700 1442 Se.

437 1472 520 1500 nec.
534 1460 651 1499 Herc.
665 1458 739 1498 fur.
755 1459 871 1509 μίτρα
885 1460 1022 1507 ›too-labe
1032 1455 1229 1509 γυναικῶν.
1243 1455 1313 1507 leg.
1331 1454 1384 1494 D.
1399 1454 1451 1494 D.
1473 1455 1616 1495 XVIII.
1634 1459 1700 1496 θη-

438 1513 629 1567 λυμίτρης.
653 1513 775 1565 Long.
800 1512 863 1550 lib.
887 1511 916 1550 Ι.
939 1511 1109 1550 BouRD.
1125 1510 1298 1562 Tegmen
1324 1509 1398 1548 hoc
1415 1509 1544 1562 capitis
1563 1521 1698 1562 parum

438 1567 551 1608 virile
566 1566 737 1606 habitum
748 1597 760 1615 ,
780 1564 845 1604 vel
867 1564 951 1604 inde
967 1563 1112 1604 constat
1122 1593 1131 1609 ,
1151 1563 1257 1615 quod
1267 1575 1292 1600 a
1306 1562 1456 1602 Iunone
1470 1563 1564 1602 inter
1579 1575 1625 1602 ea
1639 1575 1700 1602 re-

442 1619 630 1668 censetur,
649 1633 748 1673 quae
768 1619 907 1658 indicio
919 1629 1041 1664 erant,
1055 1618 1249 1656 Bacchum
1267 1615 1365 1655 luxu
1385 1615 1570 1669 perditum
1589 1616 1630 1656 &
1643 1614 1700 1656 ef-

438 1673 757 1714 feminatiffimum
771 1672 845 1712 effe
855 1702 868 1718 ,
882 1678 926 1711 Θ.
943 1678 988 1710 Δ.
1003 1671 1148 1710 XVIII.
1163 1670 1319 1710 SOLAN.

495 1730 568 1766 ead.
580 1728 603 1765 l.
617 1727 652 1766 8.
668 1725 874 1780 vaoisoes)
889 1726 941 1763 V.
955 1724 1084 1764 Const.
1103 1725 1193 1763 Lex.
1207 1738 1244 1762 v.
1266 1724 1306 1762 &
1321 1722 1528 1762 Pollucem.
1542 1722 1700 1765 SOLAN.

495 1782 574 1820 ibid.
589 1780 751 1833 Εὔρυθμα
766 1779 887 1832 βαῖνε)
903 1779 957 1818 Ut
968 1790 1087 1818 antea.
1102 1777 1181 1817 dixi
1195 1777 1295 1816 alibi.
1314 1777 1486 1816 Bouiu).

495 1837 568 1874 ead.
577 1835 601 1874 l.
619 1835 674 1874 16.
689 1832 834 1886 Αὐτοῦ)
852 1833 951 1885 Lege
966 1828 1104 1878 αὖτῶν,
1119 1831 1158 1871 δι
1171 1829 1270 1870 refer
1284 1831 1331 1869 ad
1346 1830 1520 1870 mulieres
1531 1860 1541 1878 ,
1558 1830 1604 1870 de
1616 1831 1701 1884 qui.

443 1889 517 1928 bus
529 1898 653 1936 antea,
670 1888 710 1928 &
722 1900 818 1941 quas
829 1886 981 1938 questus
994 1885 1046 1925 est
1061 1885 1229 1938 Iuppiter
1244 1897 1265 1924 a
1279 1883 1314 1923 se
1327 1896 1407 1924 non
1419 1883 1486 1922 nisi
1500 1885 1628 1924 multis
1640 1898 1700 1924 ar-

442 1944 542 1982 tibus
562 1941 639 1980 falli
653 1941 769 1994 poffe.
791 1940 950 1992 Alioqui
970 1939 1063 1978 nihil
1078 1939 1150 1984 est,
1165 1951 1247 1991 quo
1261 1937 1448 1977 referatur
1467 1933 1598 1978 αὐτοῦ·
1611 1951 1699 1978 nam

443 2008 523 2035 non
537 1995 729 2035 anteceffit
741 1994 833 2046 ἔρως.
847 1994 970 2033 CLER.
985 1993 1021 2032 Si
1035 1989 1152 2031 αὐτοῦ
1163 1991 1315 2037 abess'et‚
1329 1990 1454 2030 sensus
1466 1991 1557 2030 nihil
1571 1992 1700 2032 damni

444 2059 657 2102 pateretur:
677 2061 780 2088 nunc
789 2047 898 2107 facile
911 2047 1008 2092 fero,
1028 2047 1067 2086 δι
1081 2045 1246 2100 positum
1266 2044 1435 2097 intelligo
1449 2058 1519 2097 pro
1532 2043 1597 2086 τοῦ
1609 2045 1700 2098 ἐρᾷν’

445 2102 731 2156 ἐπιτυγχάνειν
744 2117 808 2140 του
822 2099 914 2154 ὲρᾷν,
927 2101 1017 2140 votis
1030 2114 1128 2153 atque
1139 2100 1264 2138 amoris
1271 2098 1384 2149 fruau
1395 2099 1507 2150 potiri.
1525 2099 1606 2138 Ἐπὶ
1621 2100 1704 2138 τοὺ-

447 2172 523 2196 τοις
536 2156 679 2203 αὐτοις,
690 2157 755 2208 fizb
776 2157 842 2194 lm
855 2155 928 2208 ilez
944 2156 1141 2194 conditione.
1158 2152 1345 2191 Antonin.
1360 2152 1482 2193 Liber.
1497 2164 1531 2192 e.
1552 2167 1615 2206 23,
1628 2150 1700 2205 ‘Ep-

443 2208 518 2259 μῆς
531 2209 576 2249 Σὲ
594 2209 724 2249 <mem
738 2209 800 2248 ἐπὶ
814 2209 956 2248 τούτοις
969 2206 1181 2261 ὑπέσχετο.
1197 2205 1316 2259 paulo
1332 2206 1437 2245 aliter
1454 2207 1492 2245 in
1507 2205 1583 2246 fine
1595 2210 1701 2260 prae-⁴

444 2264 608 2303 cedentis
621 2263 773 2316 dialogi.
791 2263 953 2301 HEMST.

498 2318 534 2356 in
547 2319 661 2356 Schol.
673 2317 696 2355 l.
713 2330 726 2355 1
735 2348 744 2356 .
760 2315 919 2369 Φιναλη)
930 2314 1047 2356 Φιάλη
1060 2315 1097 2354 in
1111 2315 1154 2354 V.
1166 2313 1241 2354 Pro
1253 2311 1368 2368 κύριον
1377 2313 1461 2366 lege
1473 2312 1605 2366 κυρίως.
1618 2313 1696 2355 vid.

445 2370 537 2411 Poll.
550 2370 631 2417 VI,
647 2370 709 2424 98.
722 2371 883 2410 HEMST.

499 2425 590 2476 Pag.
614 2426 652 2464 6.
672 2425 696 2463 l.
711 2424 746 2465 6.
768 2423 824 2470 Τῷ
848 2422 998 2475 τρόπῳ)
1014 2422 1056 2461 Id
1075 2420 1150 2468 est,
1166 2419 1249 2460 τίνι·
1273 2433 1321 2460 an
1340 2420 1411 2461 τίνι
1435 2418 1701 2460 scribendum?

446 2477 613 2518 GUYET.
629 2476 775 2518 Fefellit
786 2476 988 2528 Guyetum
1014 2486 1212 2521 accentus,
1230 2487 1345 2527 quem
1365 2474 1393 2514 fi
1413 2474 1561 2522 demas,
1579 2473 1698 2528 ipsum

447 2532 498 2571 est
517 2532 606 2573 illud
618 2531 714 2582 τίνι,
733 2530 837 2585 quod
849 2530 955 2571 scribi
972 2529 1134 2570 volebat.
1150 2530 1312 2569 HEMST.
