<?xml version="1.0" encoding="UTF-8"?>
<!DOCTYPE html PUBLIC "-//W3C//DTD XHTML 1.0 Transitional//EN"
    "http://www.w3.org/TR/xhtml1/DTD/xhtml1-transitional.dtd">
<html xmlns="http://www.w3.org/1999/xhtml" xml:lang="en" lang="en">
 <head>
  <title>
</title>
<meta http-equiv="Content-Type" content="text/html;charset=utf-8" />
  <meta name='ocr-system' content='tesseract 3.04.00' />
  <meta name='ocr-capabilities' content='ocr_page ocr_carea ocr_par ocr_line ocrx_word'/>
</head>
<body>
  <div class='ocr_page' id='page_1' title='image "./operagraeceetlat02luciuoft_0379.png"; bbox 0 0 1748 3420; ppageno 0'>
   <div class='ocr_carea' id='block_1_1' title="bbox 0 2471 9 3212">
    <p class='ocr_par' dir='ltr' id='par_1_1' title="bbox 0 2471 9 3212">
     <span class='ocr_line' id='line_1_1' title="bbox 0 2471 9 3212; baseline 0 0"><span class='ocrx_word' id='word_1_1' title='bbox 0 2471 9 3212; x_wconf 95' lang='lat' dir='ltr'> </span> 
     </span>
    </p>
   </div>
   <div class='ocr_carea' id='block_1_2' title="bbox 184 205 1315 272">
    <p class='ocr_par' dir='ltr' id='par_1_2' title="bbox 184 205 1315 272">
     <span class='ocr_line' id='line_1_2' title="bbox 184 205 1315 272; baseline -0.002 -18"><span class='ocrx_word' id='word_1_2' title='bbox 184 208 273 254; x_wconf 84' lang='lat' dir='ltr'>IN</span> <span class='ocrx_word' id='word_1_3' title='bbox 321 205 768 253; x_wconf 80' lang='lat' dir='ltr'>D1ALoGos</span> <span class='ocrx_word' id='word_1_4' title='bbox 817 206 1180 254; x_wconf 78' lang='lat' dir='ltr'><strong>DEORUM.</strong></span> <span class='ocrx_word' id='word_1_5' title='bbox 1229 222 1315 272; x_wconf 78' lang='lat'>345</span> 
     </span>
    </p>
   </div>
   <div class='ocr_carea' id='block_1_3' title="bbox 16 292 1322 2550">
    <p class='ocr_par' dir='ltr' id='par_1_3' title="bbox 16 292 1322 614">
     <span class='ocr_line' id='line_1_3' title="bbox 53 292 1320 335; baseline 0.001 -3"><span class='ocrx_word' id='word_1_6' title='bbox 53 292 293 333; x_wconf 73' lang='lat' dir='ltr'>iunffionem</span> <span class='ocrx_word' id='word_1_7' title='bbox 306 294 474 334; x_wconf 82' lang='lat' dir='ltr'>Castoris</span> <span class='ocrx_word' id='word_1_8' title='bbox 486 308 530 335; x_wconf 90' lang='lat' dir='ltr'>ac</span> <span class='ocrx_word' id='word_1_9' title='bbox 550 293 712 334; x_wconf 84' lang='lat' dir='ltr'><strong>Pollucis</strong></span> <span class='ocrx_word' id='word_1_10' title='bbox 727 293 833 333; x_wconf 86' lang='lat' dir='ltr'>multi</span> <span class='ocrx_word' id='word_1_11' title='bbox 847 294 1102 333; x_wconf 80' lang='lat' dir='ltr'>celebrarunt:</span> <span class='ocrx_word' id='word_1_12' title='bbox 1118 294 1320 334; x_wconf 83' lang='lat' dir='ltr'>Pindarum</span> 
     </span>
     <span class='ocr_line' id='line_1_4' title="bbox 18 345 1322 400; baseline 0.002 -16"><span class='ocrx_word' id='word_1_13' title='bbox 18 379 22 383; x_wconf 93' lang='lat'>.</span> <span class='ocrx_word' id='word_1_14' title='bbox 54 345 299 387; x_wconf 85' lang='lat' dir='ltr'>&amp;Ovidium</span> <span class='ocrx_word' id='word_1_15' title='bbox 324 348 420 387; x_wconf 86' lang='lat' dir='ltr'>inter</span> <span class='ocrx_word' id='word_1_16' title='bbox 441 348 518 387; x_wconf 77' lang='lat' dir='ltr'>sesi</span> <span class='ocrx_word' id='word_1_17' title='bbox 541 360 764 400; x_wconf 80' lang='lat' dir='ltr'>compares,</span> <span class='ocrx_word' id='word_1_18' title='bbox 789 348 849 386; x_wconf 82' lang='lat' dir='ltr'>hic</span> <span class='ocrx_word' id='word_1_19' title='bbox 865 361 978 399; x_wconf 79' lang='lat' dir='ltr'>quem</span> <span class='ocrx_word' id='word_1_20' title='bbox 1001 347 1115 387; x_wconf 81' lang='lat' dir='ltr'>fuerit</span> <span class='ocrx_word' id='word_1_21' title='bbox 1131 349 1322 394; x_wconf 82' lang='lat' dir='ltr'>imitatus,</span> 
     </span>
     <span class='ocr_line' id='line_1_5' title="bbox 16 400 1321 454; baseline 0.002 -16"><span class='ocrx_word' id='word_1_22' title='bbox 16 401 19 406; x_wconf 84' lang='lat'>&#39;</span> <span class='ocrx_word' id='word_1_23' title='bbox 52 411 136 438; x_wconf 87' lang='lat' dir='ltr'>non</span> <span class='ocrx_word' id='word_1_24' title='bbox 158 401 317 454; x_wconf 86' lang='lat' dir='ltr'>amplius</span> <span class='ocrx_word' id='word_1_25' title='bbox 332 402 554 454; x_wconf 84' lang='lat' dir='ltr'>ambiguum</span> <span class='ocrx_word' id='word_1_26' title='bbox 569 402 663 440; x_wconf 89' lang='lat' dir='ltr'>erit:</span> <span class='ocrx_word' id='word_1_27' title='bbox 688 401 740 439; x_wconf 87' lang='lat' dir='ltr'>ita</span> <span class='ocrx_word' id='word_1_28' title='bbox 756 400 927 440; x_wconf 84' lang='lat' dir='ltr'>versatur</span> <span class='ocrx_word' id='word_1_29' title='bbox 940 402 977 439; x_wconf 90' lang='lat' dir='ltr'>in</span> <span class='ocrx_word' id='word_1_30' title='bbox 995 402 1124 440; x_wconf 86' lang='lat' dir='ltr'>eadem</span> <span class='ocrx_word' id='word_1_31' title='bbox 1152 415 1191 440; x_wconf 87' lang='lat' dir='ltr'>re</span> <span class='ocrx_word' id='word_1_32' title='bbox 1208 401 1321 441; x_wconf 89' lang='lat' dir='ltr'>Philo</span> 
     </span>
     <span class='ocr_line' id='line_1_6' title="bbox 52 453 1318 507; baseline 0.004 -17"><span class='ocrx_word' id='word_1_33' title='bbox 52 453 136 505; x_wconf 70' lang='grc' dir='ltr'>περὶ</span> <span class='ocrx_word' id='word_1_34' title='bbox 151 453 223 504; x_wconf 89' lang='grc' dir='ltr'>Ἀρ.</span> <span class='ocrx_word' id='word_1_35' title='bbox 241 454 304 494; x_wconf 72' lang='grc' dir='ltr'>καὶ</span> <span class='ocrx_word' id='word_1_36' title='bbox 320 460 383 506; x_wconf 84' lang='grc' dir='ltr'>Πρ.</span> <span class='ocrx_word' id='word_1_37' title='bbox 398 469 433 507; x_wconf 90' lang='lat' dir='ltr'>p.</span> <span class='ocrx_word' id='word_1_38' title='bbox 448 469 548 504; x_wconf 84' lang='lat'>1004</span> <span class='ocrx_word' id='word_1_39' title='bbox 562 455 610 493; x_wconf 92' lang='lat' dir='ltr'>A.</span> <span class='ocrx_word' id='word_1_40' title='bbox 626 465 668 493; x_wconf 91' lang='lat' dir='ltr'>ut</span> <span class='ocrx_word' id='word_1_41' title='bbox 680 454 862 494; x_wconf 88' lang='lat' dir='ltr'>Iudaeum</span> <span class='ocrx_word' id='word_1_42' title='bbox 878 455 975 493; x_wconf 91' lang='lat' dir='ltr'>haud</span> <span class='ocrx_word' id='word_1_43' title='bbox 992 454 1110 493; x_wconf 83' lang='lat' dir='ltr'>ferme</span> <span class='ocrx_word' id='word_1_44' title='bbox 1124 454 1318 507; x_wconf 80' lang='lat' dir='ltr'>agnoscas.</span> 
     </span>
     <span class='ocr_line' id='line_1_7' title="bbox 51 505 1317 561; baseline 0.003 -17"><span class='ocrx_word' id='word_1_45' title='bbox 51 505 146 546; x_wconf 90' lang='lat' dir='ltr'>Alio</span> <span class='ocrx_word' id='word_1_46' title='bbox 172 506 312 560; x_wconf 62' lang='lat' dir='ltr'>specht</span> <span class='ocrx_word' id='word_1_47' title='bbox 339 508 492 560; x_wconf 80' lang='lat' dir='ltr'><strong>elegans</strong></span> <span class='ocrx_word' id='word_1_48' title='bbox 510 508 715 549; x_wconf 80' lang='lat' dir='ltr'>Alcibiadis</span> <span class='ocrx_word' id='word_1_49' title='bbox 737 508 878 548; x_wconf 67' lang='lat' dir='ltr'>difium</span> <span class='ocrx_word' id='word_1_50' title='bbox 899 508 1000 561; x_wconf 89' lang='lat' dir='ltr'>apud</span> <span class='ocrx_word' id='word_1_51' title='bbox 1025 508 1173 548; x_wconf 88' lang='lat' dir='ltr'>Aelian.</span> <span class='ocrx_word' id='word_1_52' title='bbox 1191 510 1241 548; x_wconf 92' lang='lat' dir='ltr'>V.</span> <span class='ocrx_word' id='word_1_53' title='bbox 1264 509 1317 548; x_wconf 87' lang='lat' dir='ltr'>H.</span> 
     </span>
     <span class='ocr_line' id='line_1_8' title="bbox 50 558 438 614; baseline 0.008 -16"><span class='ocrx_word' id='word_1_54' title='bbox 50 558 168 606; x_wconf 91' lang='lat' dir='ltr'>XIII,</span> <span class='ocrx_word' id='word_1_55' title='bbox 189 559 250 614; x_wconf 81' lang='lat'>38.</span> <span class='ocrx_word' id='word_1_56' title='bbox 274 562 438 601; x_wconf 80' lang='lat' dir='ltr'><strong>HEMST.</strong></span> 
     </span>
    </p>

    <p class='ocr_par' dir='ltr' id='par_1_4' title="bbox 29 608 1322 2550">
     <span class='ocr_line' id='line_1_9' title="bbox 104 608 1317 668; baseline 0.002 -17"><span class='ocrx_word' id='word_1_57' title='bbox 104 614 196 664; x_wconf 81' lang='lat' dir='ltr'>Pag.</span> <span class='ocrx_word' id='word_1_58' title='bbox 211 614 307 667; x_wconf 88' lang='lat' dir='ltr'><em>89.l.</em></span> <span class='ocrx_word' id='word_1_59' title='bbox 329 628 388 654; x_wconf 91' lang='lat'>10.</span> <span class='ocrx_word' id='word_1_60' title='bbox 412 608 522 653; x_wconf 64' lang='grc' dir='ltr'><em>Οὗτοι</em></span> <span class='ocrx_word' id='word_1_61' title='bbox 540 614 583 654; x_wconf 51' lang='grc' dir='ltr'>δὲ</span> <span class='ocrx_word' id='word_1_62' title='bbox 603 614 642 653; x_wconf 84' lang='grc' dir='ltr'>τί</span> <span class='ocrx_word' id='word_1_63' title='bbox 651 629 696 654; x_wconf 76' lang='grc' dir='ltr'>π.</span> <span class='ocrx_word' id='word_1_64' title='bbox 712 611 816 668; x_wconf 73' lang='grc' dir='ltr'>ἦμῖν)</span> <span class='ocrx_word' id='word_1_65' title='bbox 840 614 1041 654; x_wconf 70' lang='grc' dir='ltr'>Ιηνεξὶιιιῃ</span> <span class='ocrx_word' id='word_1_66' title='bbox 1056 614 1206 653; x_wconf 89' lang='lat' dir='ltr'>videtur</span> <span class='ocrx_word' id='word_1_67' title='bbox 1226 614 1317 654; x_wconf 88' lang='lat' dir='ltr'>illud</span> 
     </span>
     <span class='ocr_line' id='line_1_10' title="bbox 48 663 1322 721; baseline 0.002 -17"><span class='ocrx_word' id='word_1_68' title='bbox 48 663 98 705; x_wconf 59' lang='grc' dir='ltr'>δὲ</span> <span class='ocrx_word' id='word_1_69' title='bbox 110 666 157 705; x_wconf 90' lang='lat' dir='ltr'>ab</span> <span class='ocrx_word' id='word_1_70' title='bbox 174 667 238 715; x_wconf 83' lang='lat' dir='ltr'>iis,</span> <span class='ocrx_word' id='word_1_71' title='bbox 251 669 316 720; x_wconf 91' lang='lat' dir='ltr'>qui</span> <span class='ocrx_word' id='word_1_72' title='bbox 331 681 410 707; x_wconf 91' lang='lat' dir='ltr'>non</span> <span class='ocrx_word' id='word_1_73' title='bbox 426 668 684 721; x_wconf 78' lang='lat' dir='ltr'>intelligebant</span> <span class='ocrx_word' id='word_1_74' title='bbox 695 698 708 714; x_wconf 94' lang='lat'>,</span> <span class='ocrx_word' id='word_1_75' title='bbox 725 669 816 708; x_wconf 86' lang='lat' dir='ltr'>haec</span> <span class='ocrx_word' id='word_1_76' title='bbox 838 670 969 708; x_wconf 84' lang='lat' dir='ltr'>ordine</span> <span class='ocrx_word' id='word_1_77' title='bbox 983 669 1169 707; x_wconf 81' lang='lat' dir='ltr'>orationis</span> <span class='ocrx_word' id='word_1_78' title='bbox 1181 681 1322 720; x_wconf 88' lang='lat' dir='ltr'>perpe-</span> 
     </span>
     <span class='ocr_line' id='line_1_11' title="bbox 49 719 1318 774; baseline 0.002 -16"><span class='ocrx_word' id='word_1_79' title='bbox 49 728 124 759; x_wconf 89' lang='lat' dir='ltr'>tuo</span> <span class='ocrx_word' id='word_1_80' title='bbox 144 719 402 773; x_wconf 87' lang='lat' dir='ltr'>superioribus</span> <span class='ocrx_word' id='word_1_81' title='bbox 422 721 495 760; x_wconf 82' lang='lat' dir='ltr'>effe</span> <span class='ocrx_word' id='word_1_82' title='bbox 514 722 768 768; x_wconf 74' lang='lat' dir='ltr'>anne&amp;enda;</span> <span class='ocrx_word' id='word_1_83' title='bbox 793 722 956 774; x_wconf 86' lang='lat' dir='ltr'>pendent</span> <span class='ocrx_word' id='word_1_84' title='bbox 975 722 1074 761; x_wconf 91' lang='lat' dir='ltr'>enim</span> <span class='ocrx_word' id='word_1_85' title='bbox 1100 722 1146 760; x_wconf 88' lang='lat' dir='ltr'>ab</span> <span class='ocrx_word' id='word_1_86' title='bbox 1165 722 1234 760; x_wconf 85' lang='lat' dir='ltr'>isto</span> <span class='ocrx_word' id='word_1_87' title='bbox 1248 723 1318 760; x_wconf 88' lang='lat' dir='ltr'>ini-</span> 
     </span>
     <span class='ocr_line' id='line_1_12' title="bbox 48 770 1315 827; baseline 0.002 -15"><span class='ocrx_word' id='word_1_88' title='bbox 48 773 130 820; x_wconf 86' lang='lat' dir='ltr'>tio,</span> <span class='ocrx_word' id='word_1_89' title='bbox 149 773 248 814; x_wconf 71' lang='grc' dir='ltr'>πλὴν</span> <span class='ocrx_word' id='word_1_90' title='bbox 265 775 389 821; x_wconf 68' lang='grc' dir='ltr'>ἀλλὰ,</span> <span class='ocrx_word' id='word_1_91' title='bbox 405 774 529 824; x_wconf 64' lang='grc' dir='ltr'><em>ὥσπερ</em></span> <span class='ocrx_word' id='word_1_92' title='bbox 544 775 620 827; x_wconf 53' lang='grc' dir='ltr'>ἐγὼ</span> <span class='ocrx_word' id='word_1_93' title='bbox 633 776 704 814; x_wconf 69' lang='grc' dir='ltr'>ἃς.</span> <span class='ocrx_word' id='word_1_94' title='bbox 719 770 817 814; x_wconf 63' lang='grc' dir='ltr'><strong><em>οὗτοι</em></strong></span> <span class='ocrx_word' id='word_1_95' title='bbox 833 776 872 814; x_wconf 83' lang='grc' dir='ltr'>τί</span> <span class='ocrx_word' id='word_1_96' title='bbox 883 774 1099 814; x_wconf 68' lang='grc' dir='ltr'><strong><em>ποιήσουσιν</em></strong></span> <span class='ocrx_word' id='word_1_97' title='bbox 1116 773 1223 824; x_wconf 59' lang='lat' dir='ltr'>ivl-&lt;2⁴⁹3</span> <span class='ocrx_word' id='word_1_98' title='bbox 1248 775 1315 814; x_wconf 88' lang='lat' dir='ltr'>ubi</span> 
     </span>
     <span class='ocr_line' id='line_1_13' title="bbox 48 828 1314 881; baseline 0.002 -16"><span class='ocrx_word' id='word_1_99' title='bbox 48 838 166 880; x_wconf 86' lang='lat' dir='ltr'>patet,</span> <span class='ocrx_word' id='word_1_100' title='bbox 181 840 320 868; x_wconf 88' lang='lat' dir='ltr'>vacare</span> <span class='ocrx_word' id='word_1_101' title='bbox 336 828 491 880; x_wconf 87' lang='lat' dir='ltr'>prorsus</span> <span class='ocrx_word' id='word_1_102' title='bbox 506 828 563 866; x_wconf 52' lang='grc' dir='ltr'>ὣς·</span> <span class='ocrx_word' id='word_1_103' title='bbox 583 829 686 867; x_wconf 84' lang='lat' dir='ltr'>malit</span> <span class='ocrx_word' id='word_1_104' title='bbox 698 840 825 868; x_wconf 85' lang='lat' dir='ltr'>tamen</span> <span class='ocrx_word' id='word_1_105' title='bbox 841 829 976 880; x_wconf 88' lang='lat' dir='ltr'>aliquis</span> <span class='ocrx_word' id='word_1_106' title='bbox 996 828 1058 875; x_wconf 59' lang='lat' dir='ltr'>sir,</span> <span class='ocrx_word' id='word_1_107' title='bbox 1080 828 1184 881; x_wconf 88' lang='lat' dir='ltr'>quod</span> <span class='ocrx_word' id='word_1_108' title='bbox 1196 858 1207 873; x_wconf 90' lang='lat'><strong>,</strong></span> <span class='ocrx_word' id='word_1_109' title='bbox 1224 830 1314 880; x_wconf 83' lang='lat' dir='ltr'>quia</span> 
     </span>
     <span class='ocr_line' id='line_1_14' title="bbox 45 881 1315 935; baseline 0 -16"><span class='ocrx_word' id='word_1_110' title='bbox 45 882 252 920; x_wconf 86' lang='lat' dir='ltr'>commode</span> <span class='ocrx_word' id='word_1_111' title='bbox 264 883 436 934; x_wconf 88' lang='lat' dir='ltr'>ponitur,</span> <span class='ocrx_word' id='word_1_112' title='bbox 459 895 584 934; x_wconf 88' lang='lat' dir='ltr'>neque</span> <span class='ocrx_word' id='word_1_113' title='bbox 596 895 671 934; x_wconf 84' lang='lat' dir='ltr'>ego</span> <span class='ocrx_word' id='word_1_114' title='bbox 687 883 858 935; x_wconf 85' lang='lat' dir='ltr'>repudio.</span> <span class='ocrx_word' id='word_1_115' title='bbox 874 883 1022 921; x_wconf 87' lang='lat' dir='ltr'>Munus</span> <span class='ocrx_word' id='word_1_116' title='bbox 1033 881 1183 920; x_wconf 86' lang='lat' dir='ltr'>Dianae</span> <span class='ocrx_word' id='word_1_117' title='bbox 1197 883 1315 934; x_wconf 84' lang='lat' dir='ltr'>virgi·</span> 
     </span>
     <span class='ocr_line' id='line_1_15' title="bbox 45 933 1316 987; baseline 0.001 -14"><span class='ocrx_word' id='word_1_118' title='bbox 45 933 105 973; x_wconf 88' lang='lat' dir='ltr'>nis</span> <span class='ocrx_word' id='word_1_119' title='bbox 119 934 378 975; x_wconf 89' lang='lat' dir='ltr'>obstetricium</span> <span class='ocrx_word' id='word_1_120' title='bbox 393 935 494 974; x_wconf 86' lang='lat' dir='ltr'>haud</span> <span class='ocrx_word' id='word_1_121' title='bbox 506 935 593 974; x_wconf 91' lang='lat' dir='ltr'>sane</span> <span class='ocrx_word' id='word_1_122' title='bbox 606 936 701 975; x_wconf 88' lang='lat' dir='ltr'>iocis</span> <span class='ocrx_word' id='word_1_123' title='bbox 712 966 725 982; x_wconf 94' lang='lat'><em>‚</em></span> <span class='ocrx_word' id='word_1_124' title='bbox 746 937 785 975; x_wconf 86' lang='lat'>&amp;</span> <span class='ocrx_word' id='word_1_125' title='bbox 804 935 1054 987; x_wconf 84' lang='lat' dir='ltr'>asperioribus</span> <span class='ocrx_word' id='word_1_126' title='bbox 1067 936 1237 987; x_wconf 81' lang='lat' dir='ltr'>quidem,</span> <span class='ocrx_word' id='word_1_127' title='bbox 1253 949 1316 974; x_wconf 83' lang='lat' dir='ltr'>ca-</span> 
     </span>
     <span class='ocr_line' id='line_1_16' title="bbox 44 987 1316 1042; baseline 0.002 -16"><span class='ocrx_word' id='word_1_128' title='bbox 44 987 137 1027; x_wconf 85' lang='lat' dir='ltr'>ruit.</span> <span class='ocrx_word' id='word_1_129' title='bbox 155 988 293 1028; x_wconf 86' lang='lat' dir='ltr'>Noster</span> <span class='ocrx_word' id='word_1_130' title='bbox 307 1003 379 1042; x_wconf 93' lang='lat' dir='ltr'>pro</span> <span class='ocrx_word' id='word_1_131' title='bbox 391 1001 545 1033; x_wconf 73' lang='lat' dir='ltr'>amore,</span> <span class='ocrx_word' id='word_1_132' title='bbox 562 1002 642 1040; x_wconf 87' lang='lat' dir='ltr'>quo</span> <span class='ocrx_word' id='word_1_133' title='bbox 660 990 814 1028; x_wconf 81' lang='lat' dir='ltr'>numina</span> <span class='ocrx_word' id='word_1_134' title='bbox 827 989 1039 1029; x_wconf 84' lang='lat' dir='ltr'>Gentilium</span> <span class='ocrx_word' id='word_1_135' title='bbox 1058 987 1316 1041; x_wconf 87' lang='lat' dir='ltr'>prosequeba-</span> 
     </span>
     <span class='ocr_line' id='line_1_17' title="bbox 44 1041 1314 1094; baseline 0.002 -14"><span class='ocrx_word' id='word_1_136' title='bbox 44 1051 124 1089; x_wconf 88' lang='lat' dir='ltr'>tur,</span> <span class='ocrx_word' id='word_1_137' title='bbox 139 1041 321 1094; x_wconf 79' lang='lat' dir='ltr'>singulari</span> <span class='ocrx_word' id='word_1_138' title='bbox 333 1043 520 1083; x_wconf 89' lang='lat' dir='ltr'>Iunonem</span> <span class='ocrx_word' id='word_1_139' title='bbox 536 1042 650 1094; x_wconf 64' lang='lat' dir='ltr'>ipsam</span> <span class='ocrx_word' id='word_1_140' title='bbox 662 1042 753 1082; x_wconf 84' lang='lat' dir='ltr'>fecit</span> <span class='ocrx_word' id='word_1_141' title='bbox 766 1043 890 1082; x_wconf 87' lang='lat' dir='ltr'>hocin</span> <span class='ocrx_word' id='word_1_142' title='bbox 908 1043 1071 1094; x_wconf 81' lang='lat' dir='ltr'>negotio</span> <span class='ocrx_word' id='word_1_143' title='bbox 1089 1041 1176 1081; x_wconf 88' lang='lat' dir='ltr'>salse</span> <span class='ocrx_word' id='word_1_144' title='bbox 1192 1043 1314 1082; x_wconf 85' lang='lat' dir='ltr'>riden-</span> 
     </span>
     <span class='ocr_line' id='line_1_18' title="bbox 44 1095 1312 1149; baseline 0.002 -16"><span class='ocrx_word' id='word_1_145' title='bbox 44 1104 123 1134; x_wconf 85' lang='lat' dir='ltr'>tem</span> <span class='ocrx_word' id='word_1_146' title='bbox 136 1095 187 1134; x_wconf 94' lang='lat' dir='ltr'>D.</span> <span class='ocrx_word' id='word_1_147' title='bbox 202 1096 318 1144; x_wconf 80' lang='lat' dir='ltr'>XVI;</span> <span class='ocrx_word' id='word_1_148' title='bbox 332 1109 458 1149; x_wconf 88' lang='lat' dir='ltr'>neque</span> <span class='ocrx_word' id='word_1_149' title='bbox 469 1109 593 1149; x_wconf 85' lang='lat' dir='ltr'>patres</span> <span class='ocrx_word' id='word_1_150' title='bbox 604 1096 850 1136; x_wconf 76' lang='lat' dir='ltr'>Ecclesiastici</span> <span class='ocrx_word' id='word_1_151' title='bbox 862 1096 1070 1149; x_wconf 85' lang='lat' dir='ltr'>praeterire</span> <span class='ocrx_word' id='word_1_152' title='bbox 1082 1107 1312 1148; x_wconf 90' lang='lat' dir='ltr'>potuerunt,</span> 
     </span>
     <span class='ocr_line' id='line_1_19' title="bbox 45 1149 1314 1203; baseline 0.002 -15"><span class='ocrx_word' id='word_1_153' title='bbox 45 1150 140 1201; x_wconf 90' lang='lat' dir='ltr'>quin</span> <span class='ocrx_word' id='word_1_154' title='bbox 155 1149 509 1198; x_wconf 71' lang='lat' dir='ltr'>officium,inta&amp;ae</span> <span class='ocrx_word' id='word_1_155' title='bbox 523 1151 670 1203; x_wconf 86' lang='lat' dir='ltr'>puellae</span> <span class='ocrx_word' id='word_1_156' title='bbox 683 1164 831 1203; x_wconf 88' lang='lat' dir='ltr'>parum,</span> <span class='ocrx_word' id='word_1_157' title='bbox 844 1162 888 1189; x_wconf 89' lang='lat' dir='ltr'>ut</span> <span class='ocrx_word' id='word_1_158' title='bbox 898 1150 1113 1196; x_wconf 83' lang='lat' dir='ltr'>videbatur,</span> <span class='ocrx_word' id='word_1_159' title='bbox 1125 1150 1314 1190; x_wconf 88' lang='lat' dir='ltr'>decorum</span> 
     </span>
     <span class='ocr_line' id='line_1_20' title="bbox 43 1202 1313 1256; baseline 0.002 -15"><span class='ocrx_word' id='word_1_160' title='bbox 43 1202 347 1256; x_wconf 84' lang='lat' dir='ltr'>perstringerent.</span> <span class='ocrx_word' id='word_1_161' title='bbox 359 1204 541 1243; x_wconf 85' lang='lat' dir='ltr'>Attamen</span> <span class='ocrx_word' id='word_1_162' title='bbox 556 1205 673 1244; x_wconf 92' lang='lat' dir='ltr'>modo</span> <span class='ocrx_word' id='word_1_163' title='bbox 687 1216 771 1243; x_wconf 83' lang='lat' dir='ltr'>nata</span> <span class='ocrx_word' id='word_1_164' title='bbox 786 1204 873 1242; x_wconf 75' lang='lat' dir='ltr'>nihil</span> <span class='ocrx_word' id='word_1_165' title='bbox 887 1204 964 1256; x_wconf 81' lang='lat' dir='ltr'>egit</span> <span class='ocrx_word' id='word_1_166' title='bbox 978 1205 1220 1256; x_wconf 82' lang='lat' dir='ltr'>prius,quam</span> <span class='ocrx_word' id='word_1_167' title='bbox 1236 1204 1313 1245; x_wconf 90' lang='lat' dir='ltr'>hoc</span> 
     </span>
     <span class='ocr_line' id='line_1_21' title="bbox 42 1255 1310 1310; baseline 0.002 -15"><span class='ocrx_word' id='word_1_168' title='bbox 42 1255 165 1308; x_wconf 88' lang='lat' dir='ltr'>ipsum</span> <span class='ocrx_word' id='word_1_169' title='bbox 178 1288 189 1305; x_wconf 92' lang='lat'>‚</span> <span class='ocrx_word' id='word_1_170' title='bbox 205 1257 310 1310; x_wconf 83' lang='lat' dir='ltr'>quafi</span> <span class='ocrx_word' id='word_1_171' title='bbox 329 1256 532 1297; x_wconf 85' lang='lat' dir='ltr'>salutarem</span> <span class='ocrx_word' id='word_1_172' title='bbox 549 1269 668 1297; x_wconf 84' lang='lat' dir='ltr'>artem</span> <span class='ocrx_word' id='word_1_173' title='bbox 683 1259 723 1296; x_wconf 87' lang='lat' dir='ltr'>in</span> <span class='ocrx_word' id='word_1_174' title='bbox 746 1270 859 1297; x_wconf 89' lang='lat' dir='ltr'>utero</span> <span class='ocrx_word' id='word_1_175' title='bbox 881 1257 1004 1297; x_wconf 83' lang='lat' dir='ltr'>fuiffet</span> <span class='ocrx_word' id='word_1_176' title='bbox 1027 1258 1310 1298; x_wconf 86' lang='lat' dir='ltr'>commeditata.</span> 
     </span>
     <span class='ocr_line' id='line_1_22' title="bbox 43 1306 1307 1365; baseline 0.001 -16"><span class='ocrx_word' id='word_1_177' title='bbox 43 1310 329 1362; x_wconf 85' lang='lat' dir='ltr'>Apollodorum</span> <span class='ocrx_word' id='word_1_178' title='bbox 344 1312 431 1350; x_wconf 80' lang='lat' dir='ltr'>audi</span> <span class='ocrx_word' id='word_1_179' title='bbox 441 1311 472 1357; x_wconf 88' lang='grc' dir='ltr'>Ι,</span> <span class='ocrx_word' id='word_1_180' title='bbox 486 1326 520 1364; x_wconf 89' lang='lat' dir='ltr'>p.</span> <span class='ocrx_word' id='word_1_181' title='bbox 536 1326 600 1364; x_wconf 84' lang='lat'>13:</span> <span class='ocrx_word' id='word_1_182' title='bbox 616 1312 763 1351; x_wconf 78' lang='lat' dir='ltr'>Latona</span> <span class='ocrx_word' id='word_1_183' title='bbox 774 1310 886 1365; x_wconf 67' lang='grc' dir='ltr'>γεννᾷ</span> <span class='ocrx_word' id='word_1_184' title='bbox 898 1306 1234 1364; x_wconf 65' lang='grc' dir='ltr'>πρώτυνἌρ-τεμιν,</span> <span class='ocrx_word' id='word_1_185' title='bbox 1249 1308 1307 1361; x_wconf 75' lang='grc' dir='ltr'>ὑφ’</span> 
     </span>
     <span class='ocr_line' id='line_1_23' title="bbox 41 1359 1311 1419; baseline 0.002 -16"><span class='ocrx_word' id='word_1_186' title='bbox 41 1359 87 1403; x_wconf 65' lang='grc' dir='ltr'>ἶῖς</span> <span class='ocrx_word' id='word_1_187' title='bbox 102 1365 311 1413; x_wconf 66' lang='grc' dir='ltr'><em>μαιωθεῖσα</em></span> <span class='ocrx_word' id='word_1_188' title='bbox 337 1361 484 1417; x_wconf 66' lang='grc' dir='ltr'><em>ὕστερον</em></span> <span class='ocrx_word' id='word_1_189' title='bbox 506 1365 726 1405; x_wconf 62' lang='grc' dir='ltr'>Ἀπόλλωνα</span> <span class='ocrx_word' id='word_1_190' title='bbox 748 1366 929 1419; x_wconf 65' lang='grc' dir='ltr'>ἐγέννησε·</span> <span class='ocrx_word' id='word_1_191' title='bbox 956 1376 1144 1418; x_wconf 85' lang='lat' dir='ltr'>quantum</span> <span class='ocrx_word' id='word_1_192' title='bbox 1169 1379 1218 1405; x_wconf 88' lang='lat' dir='ltr'>eo</span> <span class='ocrx_word' id='word_1_193' title='bbox 1237 1379 1311 1405; x_wconf 88' lang='lat' dir='ltr'>no-</span> 
     </span>
     <span class='ocr_line' id='line_1_24' title="bbox 42 1417 1310 1472; baseline 0.002 -16"><span class='ocrx_word' id='word_1_194' title='bbox 42 1418 146 1457; x_wconf 89' lang='lat' dir='ltr'>mine</span> <span class='ocrx_word' id='word_1_195' title='bbox 159 1417 280 1458; x_wconf 90' lang='lat' dir='ltr'>sorori</span> <span class='ocrx_word' id='word_1_196' title='bbox 302 1419 472 1458; x_wconf 87' lang='lat' dir='ltr'>debuerit</span> <span class='ocrx_word' id='word_1_197' title='bbox 487 1419 655 1472; x_wconf 74' lang='lat' dir='ltr'>Apollo,</span> <span class='ocrx_word' id='word_1_198' title='bbox 677 1430 854 1458; x_wconf 80' lang='lat' dir='ltr'>accurate·</span> <span class='ocrx_word' id='word_1_199' title='bbox 872 1419 1048 1458; x_wconf 84' lang='lat' dir='ltr'>Libanius</span> <span class='ocrx_word' id='word_1_200' title='bbox 1067 1419 1246 1472; x_wconf 78' lang='lat' dir='ltr'>exposuit</span> <span class='ocrx_word' id='word_1_201' title='bbox 1259 1421 1310 1459; x_wconf 92' lang='lat' dir='ltr'>T.</span> 
     </span>
     <span class='ocr_line' id='line_1_25' title="bbox 40 1470 1308 1525; baseline 0.001 -14"><span class='ocrx_word' id='word_1_202' title='bbox 40 1470 103 1519; x_wconf 91' lang='grc' dir='ltr'>ΙΙ,</span> <span class='ocrx_word' id='word_1_203' title='bbox 124 1485 206 1525; x_wconf 82' lang='lat' dir='ltr'>pag.</span> <span class='ocrx_word' id='word_1_204' title='bbox 230 1473 306 1512; x_wconf 87' lang='lat'>662</span> <span class='ocrx_word' id='word_1_205' title='bbox 332 1473 382 1511; x_wconf 95' lang='lat' dir='ltr'>A.</span> <span class='ocrx_word' id='word_1_206' title='bbox 408 1473 531 1512; x_wconf 90' lang='lat' dir='ltr'>verbo</span> <span class='ocrx_word' id='word_1_207' title='bbox 551 1473 704 1525; x_wconf 86' lang='lat' dir='ltr'>quidem</span> <span class='ocrx_word' id='word_1_208' title='bbox 727 1472 946 1521; x_wconf 71' lang='lat' dir='ltr'>leffiffimo,</span> <span class='ocrx_word' id='word_1_209' title='bbox 973 1475 1219 1524; x_wconf 72' lang='grc' dir='ltr'>προεκτρέχει</span> <span class='ocrx_word' id='word_1_210' title='bbox 1238 1474 1308 1523; x_wconf 75' lang='grc' dir='ltr'>μὲν</span> 
     </span>
     <span class='ocr_line' id='line_1_26' title="bbox 30 1523 1308 1580; baseline 0.002 -16"><span class='ocrx_word' id='word_1_211' title='bbox 30 1523 206 1578; x_wconf 76' lang='grc' dir='ltr'><em>Ἀρτεμις</em></span> <span class='ocrx_word' id='word_1_212' title='bbox 225 1525 292 1565; x_wconf 76' lang='grc' dir='ltr'>τοῦ</span> <span class='ocrx_word' id='word_1_213' title='bbox 304 1526 548 1574; x_wconf 71' lang='grc' dir='ltr'>Ἀπόλλωνος,</span> <span class='ocrx_word' id='word_1_214' title='bbox 563 1539 610 1566; x_wconf 91' lang='lat' dir='ltr'>ne</span> <span class='ocrx_word' id='word_1_215' title='bbox 624 1528 704 1566; x_wconf 85' lang='lat' dir='ltr'>eius</span> <span class='ocrx_word' id='word_1_216' title='bbox 715 1557 726 1573; x_wconf 89' lang='lat'>,</span> <span class='ocrx_word' id='word_1_217' title='bbox 752 1540 850 1580; x_wconf 85' lang='lat' dir='ltr'>quae</span> <span class='ocrx_word' id='word_1_218' title='bbox 874 1527 1072 1579; x_wconf 86' lang='lat' dir='ltr'>puerperis</span> <span class='ocrx_word' id='word_1_219' title='bbox 1087 1540 1200 1579; x_wconf 89' lang='lat' dir='ltr'>opem</span> <span class='ocrx_word' id='word_1_220' title='bbox 1217 1527 1308 1567; x_wconf 81' lang='lat' dir='ltr'>effet</span> 
     </span>
     <span class='ocr_line' id='line_1_27' title="bbox 40 1579 1309 1630; baseline 0.002 -11"><span class='ocrx_word' id='word_1_221' title='bbox 40 1579 186 1629; x_wconf 85' lang='lat' dir='ltr'>latura,</span> <span class='ocrx_word' id='word_1_222' title='bbox 207 1581 397 1620; x_wconf 88' lang='lat' dir='ltr'>difficilem</span> <span class='ocrx_word' id='word_1_223' title='bbox 411 1579 516 1620; x_wconf 84' lang='lat' dir='ltr'>fuiffe</span> <span class='ocrx_word' id='word_1_224' title='bbox 533 1593 683 1630; x_wconf 85' lang='lat' dir='ltr'>partum</span> <span class='ocrx_word' id='word_1_225' title='bbox 701 1581 850 1620; x_wconf 84' lang='lat' dir='ltr'>credas:</span> <span class='ocrx_word' id='word_1_226' title='bbox 875 1594 956 1620; x_wconf 91' lang='lat' dir='ltr'>non</span> <span class='ocrx_word' id='word_1_227' title='bbox 971 1579 1131 1619; x_wconf 82' lang='lat' dir='ltr'>diffentit</span> <span class='ocrx_word' id='word_1_228' title='bbox 1148 1581 1309 1621; x_wconf 86' lang='lat' dir='ltr'>Servius</span> 
     </span>
     <span class='ocr_line' id='line_1_28' title="bbox 39 1634 1310 1687; baseline 0.002 -15"><span class='ocrx_word' id='word_1_229' title='bbox 39 1643 122 1672; x_wconf 83' lang='lat' dir='ltr'>tum</span> <span class='ocrx_word' id='word_1_230' title='bbox 136 1634 217 1673; x_wconf 86' lang='lat' dir='ltr'>aliis</span> <span class='ocrx_word' id='word_1_231' title='bbox 234 1635 269 1673; x_wconf 92' lang='lat' dir='ltr'>in</span> <span class='ocrx_word' id='word_1_232' title='bbox 281 1635 387 1683; x_wconf 87' lang='lat' dir='ltr'>locis,</span> <span class='ocrx_word' id='word_1_233' title='bbox 400 1645 480 1673; x_wconf 87' lang='lat' dir='ltr'>tum</span> <span class='ocrx_word' id='word_1_234' title='bbox 496 1634 542 1673; x_wconf 89' lang='lat' dir='ltr'>ad</span> <span class='ocrx_word' id='word_1_235' title='bbox 556 1635 632 1673; x_wconf 85' lang='lat' dir='ltr'>Ecl.</span> <span class='ocrx_word' id='word_1_236' title='bbox 643 1635 796 1687; x_wconf 76' lang='lat' dir='ltr'>Virgilii</span> <span class='ocrx_word' id='word_1_237' title='bbox 808 1635 880 1682; x_wconf 87' lang='lat' dir='ltr'>IV,</span> <span class='ocrx_word' id='word_1_238' title='bbox 896 1648 958 1680; x_wconf 88' lang='lat'>10,</span> <span class='ocrx_word' id='word_1_239' title='bbox 970 1635 1036 1673; x_wconf 88' lang='lat' dir='ltr'>ubi</span> <span class='ocrx_word' id='word_1_240' title='bbox 1049 1635 1230 1673; x_wconf 88' lang='lat' dir='ltr'>Lucinam</span> <span class='ocrx_word' id='word_1_241' title='bbox 1248 1648 1310 1674; x_wconf 83' lang='lat' dir='ltr'>ac-</span> 
     </span>
     <span class='ocr_line' id='line_1_29' title="bbox 41 1687 1307 1740; baseline 0 -14"><span class='ocrx_word' id='word_1_242' title='bbox 41 1687 138 1740; x_wconf 89' lang='lat' dir='ltr'>cipit</span> <span class='ocrx_word' id='word_1_243' title='bbox 155 1687 338 1734; x_wconf 83' lang='lat' dir='ltr'>Dianam,</span> <span class='ocrx_word' id='word_1_244' title='bbox 352 1689 543 1728; x_wconf 87' lang='lat' dir='ltr'>advocato</span> <span class='ocrx_word' id='word_1_245' title='bbox 565 1689 774 1737; x_wconf 83' lang='lat' dir='ltr'>Terentio,</span> <span class='ocrx_word' id='word_1_246' title='bbox 787 1689 896 1728; x_wconf 89' lang='lat' dir='ltr'>cuius</span> <span class='ocrx_word' id='word_1_247' title='bbox 913 1688 966 1727; x_wconf 88' lang='lat' dir='ltr'>est</span> <span class='ocrx_word' id='word_1_248' title='bbox 979 1689 1016 1726; x_wconf 91' lang='lat' dir='ltr'>in</span> <span class='ocrx_word' id='word_1_249' title='bbox 1028 1688 1148 1727; x_wconf 87' lang='lat' dir='ltr'>Andr.</span> <span class='ocrx_word' id='word_1_250' title='bbox 1165 1688 1210 1727; x_wconf 92' lang='lat' dir='ltr'>A.</span> <span class='ocrx_word' id='word_1_251' title='bbox 1231 1688 1307 1736; x_wconf 86' lang='grc' dir='ltr'>ΠΙ,</span> 
     </span>
     <span class='ocr_line' id='line_1_30' title="bbox 39 1740 1307 1796; baseline 0.001 -16"><span class='ocrx_word' id='word_1_252' title='bbox 39 1740 100 1781; x_wconf 89' lang='lat' dir='ltr'>Sc.</span> <span class='ocrx_word' id='word_1_253' title='bbox 120 1755 154 1789; x_wconf 90' lang='lat'>1,</span> <span class='ocrx_word' id='word_1_254' title='bbox 173 1742 260 1781; x_wconf 83' lang='lat' dir='ltr'>Iuno</span> <span class='ocrx_word' id='word_1_255' title='bbox 273 1743 405 1782; x_wconf 76' lang='lat' dir='ltr'>Lucina</span> <span class='ocrx_word' id='word_1_256' title='bbox 418 1742 476 1794; x_wconf 74' lang='lat' dir='ltr'>fir</span> <span class='ocrx_word' id='word_1_257' title='bbox 491 1756 607 1796; x_wconf 80' lang='lat' dir='ltr'>opem:</span> <span class='ocrx_word' id='word_1_258' title='bbox 633 1743 669 1781; x_wconf 93' lang='lat' dir='ltr'>in</span> <span class='ocrx_word' id='word_1_259' title='bbox 685 1741 898 1782; x_wconf 88' lang='lat' dir='ltr'>Comoedia</span> <span class='ocrx_word' id='word_1_260' title='bbox 919 1742 1069 1782; x_wconf 80' lang='lat' dir='ltr'>Graeca</span> <span class='ocrx_word' id='word_1_261' title='bbox 1094 1742 1307 1781; x_wconf 87' lang='lat' dir='ltr'>Menander</span> 
     </span>
     <span class='ocr_line' id='line_1_31' title="bbox 37 1792 1307 1849; baseline 0.002 -15"><span class='ocrx_word' id='word_1_262' title='bbox 37 1793 92 1834; x_wconf 83' lang='lat' dir='ltr'>ibi</span> <span class='ocrx_word' id='word_1_263' title='bbox 115 1794 292 1848; x_wconf 88' lang='lat' dir='ltr'>posuerat</span> <span class='ocrx_word' id='word_1_264' title='bbox 309 1792 492 1849; x_wconf 73' lang='grc' dir='ltr'>Ἄρτεμιν,</span> <span class='ocrx_word' id='word_1_265' title='bbox 516 1795 669 1836; x_wconf 86' lang='lat' dir='ltr'>testibus</span> <span class='ocrx_word' id='word_1_266' title='bbox 687 1796 850 1835; x_wconf 81' lang='lat' dir='ltr'>Donato</span> <span class='ocrx_word' id='word_1_267' title='bbox 871 1796 910 1835; x_wconf 71' lang='grc' dir='ltr'>δι</span> <span class='ocrx_word' id='word_1_268' title='bbox 934 1795 1167 1848; x_wconf 77' lang='lat' dir='ltr'>Eugraphio.</span> <span class='ocrx_word' id='word_1_269' title='bbox 1194 1797 1307 1836; x_wconf 78' lang='lat' dir='ltr'>Haec</span> 
     </span>
     <span class='ocr_line' id='line_1_32' title="bbox 38 1849 1305 1898; baseline 0.001 -10"><span class='ocrx_word' id='word_1_270' title='bbox 38 1849 137 1888; x_wconf 83' lang='lat' dir='ltr'>adeo</span> <span class='ocrx_word' id='word_1_271' title='bbox 151 1849 273 1889; x_wconf 91' lang='lat' dir='ltr'>visum</span> <span class='ocrx_word' id='word_1_272' title='bbox 287 1849 357 1890; x_wconf 85' lang='lat' dir='ltr'>fuit</span> <span class='ocrx_word' id='word_1_273' title='bbox 371 1849 603 1896; x_wconf 86' lang='lat' dir='ltr'>observare,</span> <span class='ocrx_word' id='word_1_274' title='bbox 626 1862 687 1898; x_wconf 79' lang='lat' dir='ltr'>ut,</span> <span class='ocrx_word' id='word_1_275' title='bbox 707 1850 734 1888; x_wconf 93' lang='lat' dir='ltr'>s1</span> <span class='ocrx_word' id='word_1_276' title='bbox 752 1849 876 1896; x_wconf 87' lang='lat' dir='ltr'>forte,</span> <span class='ocrx_word' id='word_1_277' title='bbox 899 1849 1116 1889; x_wconf 74' lang='lat' dir='ltr'>succurram</span> <span class='ocrx_word' id='word_1_278' title='bbox 1134 1850 1305 1889; x_wconf 80' lang='lat' dir='ltr'>Tatiano</span> 
     </span>
     <span class='ocr_line' id='line_1_33' title="bbox 37 1901 1301 1957; baseline 0.002 -16"><span class='ocrx_word' id='word_1_279' title='bbox 37 1901 114 1942; x_wconf 82' lang='lat' dir='ltr'>istis</span> <span class='ocrx_word' id='word_1_280' title='bbox 130 1903 166 1941; x_wconf 92' lang='lat' dir='ltr'>in</span> <span class='ocrx_word' id='word_1_281' title='bbox 180 1904 308 1943; x_wconf 84' lang='lat' dir='ltr'>verbis</span> <span class='ocrx_word' id='word_1_282' title='bbox 321 1904 336 1954; x_wconf 89' lang='lat'>§</span> <span class='ocrx_word' id='word_1_283' title='bbox 358 1919 372 1943; x_wconf 91' lang='lat'>1</span> <span class='ocrx_word' id='word_1_284' title='bbox 382 1920 417 1952; x_wconf 84' lang='lat'>2,</span> <span class='ocrx_word' id='word_1_285' title='bbox 430 1918 467 1957; x_wconf 90' lang='lat' dir='ltr'>p.</span> <span class='ocrx_word' id='word_1_286' title='bbox 486 1918 546 1957; x_wconf 86' lang='lat'>31,</span> <span class='ocrx_word' id='word_1_287' title='bbox 557 1917 655 1957; x_wconf 90' lang='lat' dir='ltr'>quae</span> <span class='ocrx_word' id='word_1_288' title='bbox 670 1904 714 1943; x_wconf 87' lang='lat' dir='ltr'>ad</span> <span class='ocrx_word' id='word_1_289' title='bbox 728 1904 920 1943; x_wconf 85' lang='lat' dir='ltr'>Lucianea</span> <span class='ocrx_word' id='word_1_290' title='bbox 929 1904 1040 1942; x_wconf 78' lang='lat' dir='ltr'>valde</span> <span class='ocrx_word' id='word_1_291' title='bbox 1054 1914 1274 1955; x_wconf 77' lang='lat' dir='ltr'>congruunt</span> <span class='ocrx_word' id='word_1_292' title='bbox 1290 1917 1301 1943; x_wconf 86' lang='lat'>:</span> 
     </span>
     <span class='ocr_line' id='line_1_34' title="bbox 35 1954 1302 2010; baseline 0.002 -16"><span class='ocrx_word' id='word_1_293' title='bbox 35 1955 232 2009; x_wconf 54' lang='grc' dir='ltr'>Ἀφροδίτη</span> <span class='ocrx_word' id='word_1_294' title='bbox 259 1957 307 1997; x_wconf 55' lang='grc' dir='ltr'>δὲ</span> <span class='ocrx_word' id='word_1_295' title='bbox 330 1958 461 2010; x_wconf 68' lang='grc' dir='ltr'><em>’γάμου</em></span> <span class='ocrx_word' id='word_1_296' title='bbox 483 1958 649 1997; x_wconf 67' lang='grc' dir='ltr'>’πλοκαῖς</span> <span class='ocrx_word' id='word_1_297' title='bbox 663 1954 814 1998; x_wconf 61' lang='lat' dir='ltr'>{iss-ma·</span> <span class='ocrx_word' id='word_1_298' title='bbox 837 1957 970 2009; x_wconf 60' lang='grc' dir='ltr'><em>μάγος</em></span> <span class='ocrx_word' id='word_1_299' title='bbox 998 1958 1095 1996; x_wconf 67' lang='grc' dir='ltr'>ἐστὶν</span> <span class='ocrx_word' id='word_1_300' title='bbox 1114 1955 1302 2008; x_wconf 72' lang='grc' dir='ltr'>Ἄρτεμις·</span> 
     </span>
     <span class='ocr_line' id='line_1_35' title="bbox 36 2010 1305 2064; baseline 0.002 -14"><span class='ocrx_word' id='word_1_301' title='bbox 36 2010 236 2062; x_wconf 61' lang='grc' dir='ltr'><em>θεραπεύει</em></span> <span class='ocrx_word' id='word_1_302' title='bbox 263 2011 278 2049; x_wconf 82' lang='grc' dir='ltr'><strong><em>ὃ</em></strong></span> <span class='ocrx_word' id='word_1_303' title='bbox 301 2012 507 2052; x_wconf 74' lang='grc' dir='ltr'>Ἀπόλλων.</span> <span class='ocrx_word' id='word_1_304' title='bbox 526 2011 691 2050; x_wconf 80' lang='lat' dir='ltr'>Dianam</span> <span class='ocrx_word' id='word_1_305' title='bbox 713 2024 862 2064; x_wconf 77' lang='lat' dir='ltr'>magam</span> <span class='ocrx_word' id='word_1_306' title='bbox 885 2010 999 2050; x_wconf 83' lang='lat' dir='ltr'>fando</span> <span class='ocrx_word' id='word_1_307' title='bbox 1022 2011 1106 2063; x_wconf 83' lang='lat' dir='ltr'>quis</span> <span class='ocrx_word' id='word_1_308' title='bbox 1133 2012 1305 2052; x_wconf 85' lang='lat' dir='ltr'>audivit?</span> 
     </span>
     <span class='ocr_line' id='line_1_36' title="bbox 35 2063 1303 2118; baseline -0.001 -14"><span class='ocrx_word' id='word_1_309' title='bbox 35 2064 250 2104; x_wconf 83' lang='lat' dir='ltr'>Hecatenfi</span> <span class='ocrx_word' id='word_1_310' title='bbox 261 2063 468 2118; x_wconf 80' lang='lat' dir='ltr'>scripfiffet‚</span> <span class='ocrx_word' id='word_1_311' title='bbox 482 2065 576 2104; x_wconf 89' lang='lat' dir='ltr'>nihil</span> <span class='ocrx_word' id='word_1_312' title='bbox 591 2077 693 2112; x_wconf 90' lang='lat' dir='ltr'>erat,</span> <span class='ocrx_word' id='word_1_313' title='bbox 708 2065 812 2117; x_wconf 89' lang='lat' dir='ltr'>quod</span> <span class='ocrx_word' id='word_1_314' title='bbox 828 2077 901 2104; x_wconf 86' lang='lat' dir='ltr'>nos</span> <span class='ocrx_word' id='word_1_315' title='bbox 914 2076 1150 2104; x_wconf 84' lang='lat' dir='ltr'>moraretur:</span> <span class='ocrx_word' id='word_1_316' title='bbox 1168 2078 1303 2118; x_wconf 87' lang='lat' dir='ltr'>quam-</span> 
     </span>
     <span class='ocr_line' id='line_1_37' title="bbox 35 2118 1300 2172; baseline 0.001 -16"><span class='ocrx_word' id='word_1_317' title='bbox 35 2118 100 2157; x_wconf 86' lang='lat' dir='ltr'>vis</span> <span class='ocrx_word' id='word_1_318' title='bbox 125 2119 225 2157; x_wconf 90' lang='lat' dir='ltr'>enim</span> <span class='ocrx_word' id='word_1_319' title='bbox 248 2132 319 2171; x_wconf 90' lang='lat' dir='ltr'>pro</span> <span class='ocrx_word' id='word_1_320' title='bbox 342 2119 472 2158; x_wconf 87' lang='lat' dir='ltr'>eadem</span> <span class='ocrx_word' id='word_1_321' title='bbox 494 2131 698 2172; x_wconf 87' lang='lat' dir='ltr'>utramque</span> <span class='ocrx_word' id='word_1_322' title='bbox 723 2119 915 2171; x_wconf 80' lang='lat' dir='ltr'>Theologi</span> <span class='ocrx_word' id='word_1_323' title='bbox 942 2130 1090 2158; x_wconf 72' lang='lat' dir='ltr'>veteres</span> <span class='ocrx_word' id='word_1_324' title='bbox 1114 2118 1300 2167; x_wconf 82' lang='lat' dir='ltr'>habeant,</span> 
     </span>
     <span class='ocr_line' id='line_1_38' title="bbox 35 2171 1300 2225; baseline 0.002 -15"><span class='ocrx_word' id='word_1_325' title='bbox 35 2171 202 2212; x_wconf 80' lang='lat' dir='ltr'>multum</span> <span class='ocrx_word' id='word_1_326' title='bbox 215 2183 342 2212; x_wconf 88' lang='lat' dir='ltr'>tamen</span> <span class='ocrx_word' id='word_1_327' title='bbox 357 2172 472 2221; x_wconf 91' lang='lat' dir='ltr'>abest,</span> <span class='ocrx_word' id='word_1_328' title='bbox 489 2185 532 2212; x_wconf 84' lang='lat' dir='ltr'>ut</span> <span class='ocrx_word' id='word_1_329' title='bbox 542 2175 670 2212; x_wconf 81' lang='lat' dir='ltr'>munia</span> <span class='ocrx_word' id='word_1_330' title='bbox 682 2173 797 2225; x_wconf 82' lang='lat' dir='ltr'>longe</span> <span class='ocrx_word' id='word_1_331' title='bbox 807 2172 991 2224; x_wconf 81' lang='lat' dir='ltr'>disparata</span> <span class='ocrx_word' id='word_1_332' title='bbox 1005 2175 1145 2224; x_wconf 74' lang='lat' dir='ltr'>poetae</span> <span class='ocrx_word' id='word_1_333' title='bbox 1158 2173 1300 2225; x_wconf 88' lang='lat' dir='ltr'>aliique</span> 
     </span>
     <span class='ocr_line' id='line_1_39' title="bbox 34 2223 1302 2279; baseline 0.001 -15"><span class='ocrx_word' id='word_1_334' title='bbox 34 2223 238 2279; x_wconf 89' lang='lat' dir='ltr'>scriptores</span> <span class='ocrx_word' id='word_1_335' title='bbox 258 2226 516 2266; x_wconf 87' lang='lat' dir='ltr'>confundant:</span> <span class='ocrx_word' id='word_1_336' title='bbox 543 2226 652 2265; x_wconf 76' lang='lat' dir='ltr'>simili</span> <span class='ocrx_word' id='word_1_337' title='bbox 672 2228 790 2266; x_wconf 90' lang='lat' dir='ltr'>modo</span> <span class='ocrx_word' id='word_1_338' title='bbox 808 2227 971 2265; x_wconf 82' lang='lat' dir='ltr'>Dianam</span> <span class='ocrx_word' id='word_1_339' title='bbox 991 2225 1058 2265; x_wconf 78' lang='lat' dir='ltr'>etsi</span> <span class='ocrx_word' id='word_1_340' title='bbox 1077 2227 1226 2265; x_wconf 86' lang='lat' dir='ltr'>Lunam</span> <span class='ocrx_word' id='word_1_341' title='bbox 1244 2228 1302 2265; x_wconf 83' lang='lat' dir='ltr'>in-</span> 
     </span>
     <span class='ocr_line' id='line_1_40' title="bbox 29 2279 1299 2334; baseline -0.002 -13"><span class='ocrx_word' id='word_1_342' title='bbox 29 2287 315 2333; x_wconf 82' lang='lat' dir='ltr'>¹terpretentur‚</span> <span class='ocrx_word' id='word_1_343' title='bbox 342 2280 462 2320; x_wconf 88' lang='lat' dir='ltr'>fuitne</span> <span class='ocrx_word' id='word_1_344' title='bbox 482 2292 608 2319; x_wconf 89' lang='lat' dir='ltr'>tamen</span> <span class='ocrx_word' id='word_1_345' title='bbox 623 2294 793 2334; x_wconf 79' lang='lat' dir='ltr'>unquam</span> <span class='ocrx_word' id='word_1_346' title='bbox 818 2291 1013 2332; x_wconf 83' lang='lat' dir='ltr'>repertus,</span> <span class='ocrx_word' id='word_1_347' title='bbox 1040 2282 1105 2332; x_wconf 89' lang='lat' dir='ltr'>qui</span> <span class='ocrx_word' id='word_1_348' title='bbox 1129 2279 1299 2319; x_wconf 78' lang='lat' dir='ltr'>Dianam</span> 
     </span>
     <span class='ocr_line' id='line_1_41' title="bbox 34 2331 1299 2386; baseline 0 -14"><span class='ocrx_word' id='word_1_349' title='bbox 34 2331 290 2385; x_wconf 87' lang='lat' dir='ltr'>Endymionis</span> <span class='ocrx_word' id='word_1_350' title='bbox 303 2347 437 2374; x_wconf 85' lang='lat' dir='ltr'>amore</span> <span class='ocrx_word' id='word_1_351' title='bbox 450 2346 600 2386; x_wconf 82' lang='lat' dir='ltr'>captam</span> <span class='ocrx_word' id='word_1_352' title='bbox 615 2335 774 2373; x_wconf 80' lang='lat' dir='ltr'>dixerit?</span> <span class='ocrx_word' id='word_1_353' title='bbox 795 2335 886 2373; x_wconf 88' lang='lat' dir='ltr'>Non</span> <span class='ocrx_word' id='word_1_354' title='bbox 902 2347 962 2374; x_wconf 89' lang='lat' dir='ltr'>me</span> <span class='ocrx_word' id='word_1_355' title='bbox 975 2333 1072 2386; x_wconf 80' lang='lat' dir='ltr'>fugit</span> <span class='ocrx_word' id='word_1_356' title='bbox 1086 2364 1099 2379; x_wconf 87' lang='lat'>,</span> <span class='ocrx_word' id='word_1_357' title='bbox 1113 2333 1299 2386; x_wconf 80' lang='lat' dir='ltr'>quorsum</span> 
     </span>
     <span class='ocr_line' id='line_1_42' title="bbox 31 2387 1298 2441; baseline 0 -15"><span class='ocrx_word' id='word_1_358' title='bbox 31 2387 161 2427; x_wconf 87' lang='lat' dir='ltr'>tendat</span> <span class='ocrx_word' id='word_1_359' title='bbox 179 2387 285 2428; x_wconf 90' lang='lat' dir='ltr'>Gisb.</span> <span class='ocrx_word' id='word_1_360' title='bbox 304 2388 482 2441; x_wconf 87' lang='lat' dir='ltr'>Cuperus</span> <span class='ocrx_word' id='word_1_361' title='bbox 496 2389 531 2426; x_wconf 91' lang='lat' dir='ltr'>in</span> <span class='ocrx_word' id='word_1_362' title='bbox 542 2387 654 2427; x_wconf 82' lang='lat' dir='ltr'>Inscr.</span> <span class='ocrx_word' id='word_1_363' title='bbox 672 2390 711 2428; x_wconf 69' lang='grc' dir='ltr'>ἃ</span> <span class='ocrx_word' id='word_1_364' title='bbox 724 2389 911 2427; x_wconf 81' lang='lat' dir='ltr'>Marmor.</span> <span class='ocrx_word' id='word_1_365' title='bbox 930 2387 1058 2426; x_wconf 81' lang='lat' dir='ltr'>illustr.</span> <span class='ocrx_word' id='word_1_366' title='bbox 1075 2402 1108 2438; x_wconf 88' lang='lat' dir='ltr'>p.</span> <span class='ocrx_word' id='word_1_367' title='bbox 1125 2402 1200 2436; x_wconf 84' lang='lat'>270</span> <span class='ocrx_word' id='word_1_368' title='bbox 1212 2403 1222 2435; x_wconf 77' lang='lat'>3</span> <span class='ocrx_word' id='word_1_369' title='bbox 1237 2388 1298 2426; x_wconf 78' lang='lat' dir='ltr'>sed</span> 
     </span>
     <span class='ocr_line' id='line_1_43' title="bbox 34 2441 1298 2494; baseline -0.001 -14"><span class='ocrx_word' id='word_1_370' title='bbox 34 2451 128 2492; x_wconf 80' lang='lat' dir='ltr'>ege,</span> <span class='ocrx_word' id='word_1_371' title='bbox 144 2452 186 2480; x_wconf 93' lang='lat' dir='ltr'>ut</span> <span class='ocrx_word' id='word_1_372' title='bbox 196 2441 347 2494; x_wconf 88' lang='lat' dir='ltr'>quidem</span> <span class='ocrx_word' id='word_1_373' title='bbox 362 2442 454 2480; x_wconf 90' lang='lat' dir='ltr'>mihi</span> <span class='ocrx_word' id='word_1_374' title='bbox 469 2442 617 2488; x_wconf 86' lang='lat' dir='ltr'>videor,</span> <span class='ocrx_word' id='word_1_375' title='bbox 633 2443 830 2482; x_wconf 80' lang='lat' dir='ltr'>meliorem</span> <span class='ocrx_word' id='word_1_376' title='bbox 842 2454 863 2480; x_wconf 83' lang='lat' dir='ltr'>a</span> <span class='ocrx_word' id='word_1_377' title='bbox 876 2442 1046 2481; x_wconf 83' lang='lat' dir='ltr'>Tatiano</span> <span class='ocrx_word' id='word_1_378' title='bbox 1058 2443 1215 2493; x_wconf 79' lang='lat' dir='ltr'>gratiam</span> <span class='ocrx_word' id='word_1_379' title='bbox 1229 2442 1298 2479; x_wconf 83' lang='lat' dir='ltr'>ini-</span> 
     </span>
     <span class='ocr_line' id='line_1_44' title="bbox 33 2492 1297 2550; baseline -0.002 -15"><span class='ocrx_word' id='word_1_380' title='bbox 33 2492 113 2547; x_wconf 87' lang='lat' dir='ltr'>bo,</span> <span class='ocrx_word' id='word_1_381' title='bbox 133 2494 161 2536; x_wconf 86' lang='lat' dir='ltr'><strong>fi</strong></span> <span class='ocrx_word' id='word_1_382' title='bbox 176 2493 284 2537; x_wconf 90' lang='lat' dir='ltr'>suum</span> <span class='ocrx_word' id='word_1_383' title='bbox 298 2495 448 2538; x_wconf 86' lang='lat' dir='ltr'>Dianae</span> <span class='ocrx_word' id='word_1_384' title='bbox 464 2509 602 2537; x_wconf 85' lang='lat' dir='ltr'>munus</span> <span class='ocrx_word' id='word_1_385' title='bbox 624 2496 799 2547; x_wconf 86' lang='lat' dir='ltr'>reddam,</span> <span class='ocrx_word' id='word_1_386' title='bbox 822 2509 973 2550; x_wconf 85' lang='lat' dir='ltr'>proque</span> <span class='ocrx_word' id='word_1_387' title='bbox 998 2508 1108 2548; x_wconf 75' lang='lat' dir='ltr'>maga</span> <span class='ocrx_word' id='word_1_388' title='bbox 1127 2494 1297 2536; x_wconf 71' lang='lat' dir='ltr'>secundis</span> 
     </span>
    </p>
   </div>
  </div>
 </body>
</html>
