1748 3420
429 248 516 297 532
617 223 1495 272 ANNOTATIONES

423 319 519 369 quin
535 314 753 368 corruptela
766 314 951 366 quaedam
965 313 1112 354 facilem
1126 313 1193 353 stili
1206 313 1390 354 Lucianei
1403 312 1555 353 cursum
1573 312 1693 366 impe·
1746 359 1748 361 ¹

423 370 561 410 diverit
571 386 579 408 :
590 382 703 421 quam
716 369 917 407 Utilitatem
931 368 1091 406 habeant
1105 368 1140 406 in
1157 368 1227 406 hac
1239 367 1490 419 disputatione
1500 396 1514 413 ‚
1527 366 1629 407 οὐδ”ὲν
1641 388 1687 398 -
1746 396 1748 404 .

424 423 563 471 σκότῳ,
579 423 669 460 mihi
682 423 835 473 quidem
849 433 926 460 non
944 420 1026 460 satis
1041 421 1168 474 liquet.
1183 421 1348 459 Hfflsr.

478 479 550 514 ead.
566 477 589 513 l.
605 488 660 514 12.
672 473 917 532 Ἀνεπιὲεεῖς)
931 475 1104 514 Thomas
1114 473 1295 526 Magister
1306 488 1344 512 v.
1358 475 1574 512 Ἀτέλεστον
1588 473 1694 514 vide-

424 539 489 568 tur
505 530 541 567 in
558 528 626 567 suo
645 528 789 568 Codice
804 528 928 580 legisse
947 527 1106 566 ἀτελεῖς.
1121 527 1193 567 Sed
1209 526 1456 579 praestantior
1473 526 1526 565 est
1544 525 1692 567 nostro-

424 595 509 622 rum
531 582 718 620 librorum
739 580 867 620 leStio.
890 581 1048 621 Sorm.
1068 581 1178 626 Eius,
1193 594 1310 633 quam
1323 580 1502 620 Thomae
1522 580 1692 633 Magistri

422 635 520 676 liber
532 635 707 687 praetulit
720 666 732 682 ‚
754 633 928 674 lefflonis
944 634 1094 674 ἀτελεῖς
1111 635 1260 674 nullum
1274 633 1391 673 exstat
1413 634 1451 672 in
1467 633 1604 673 nostris
1618 646 1694 674 ve-

423 689 575 740 stigium
590 701 599 727 :
615 688 690 740 ipsa
703 699 829 726 tamen
843 688 982 728 indicio
996 688 1070 733 est,
1114 688 1190 727 uod
1205 700 1291 726 ante
1312 701 1384 726 nos
1404 686 1581 738 suspicari
1594 688 1694 726 dixi-

423 755 536 788 mus,
558 742 660 780 hunc
682 742 873 793 dialogum
895 741 992 780 male
1013 740 1068 780 fui
1101 754 1122 780 e
1143 754 1163 780 a
1188 740 1482 794 descriptoribus
1504 740 1691 780 habitum.

421 795 529 835 Cum
543 806 669 834 autem
684 795 952 846 interpretatur
972 794 1127 842 ἀτελὴς,
1147 794 1162 832 ὅ
1187 794 1396 847 ἀμέτοχος,
1418 793 1455 832 id
1475 794 1629 846 quidem
1649 803 1693 834 ut

424 849 510 889 satis
534 848 586 888 est
608 849 652 887 ad
677 848 793 887 huius
813 848 888 888 loci
915 847 1134 888 sententiam
1159 849 1400 888 conveniens
1415 876 1426 893 ,
1457 846 1507 886 fic
1533 860 1694 900 magno-

424 916 515 956 pere
529 915 683 950 vereor‚
703 915 750 941 ne
771 916 792 940 a
810 901 1084 941 consuetudine
1097 900 1239 941 Graeci
1260 901 1445 940 sermonis
1464 901 1690 941 abhorreat:

422 957 599 1008 equidem
613 956 779 997 memini,
795 968 873 994 non
887 954 1043 994 diffimili
1060 954 1249 994 strufiura
1261 953 1371 994 scribi
1386 967 1407 993 a
1423 953 1589 1006 Dionys.
1604 954 1694 994 Hal.

424 1011 474 1050 A.
491 1010 540 1049 R.
551 1009 646 1048 Vlll
658 1039 668 1055 ,
686 1023 721 1062 p.
737 1009 838 1061 506,
850 1023 890 1048 v.
904 1008 952 1062 38
963 1039 974 1056 ‚
994 1008 1028 1047 Ei
1039 1008 1084 1048 s}
1095 1008 1310 1060 ἒιαμαρτὼν
1324 1007 1391 1048 τνῖς
1404 1008 1535 1059 πείρας
1550 1008 1694 1049 ἀτελὴς

424 1062 496 1102 τοῦ
518 1061 622 1115 ἔργον
643 1062 926 1114 οἰνιιιστρελμιενδ
941 1061 1000 1101 sed
1013 1063 1083 1101 alia
1095 1061 1146 1101 est
1160 1062 1200 1100 δι
1216 1061 1380 1114 potestas
1399 1061 1440 1101 δι
1458 1060 1694 1114 significandi

424 1117 540 1156 ratio.
556 1116 673 1154 Forte
693 1117 779 1168 quis
799 1116 1003 1161 existimet,
1019 1116 1068 1154 ita
1085 1115 1232 1154 defendi
1250 1115 1353 1168 poffe
1371 1116 1534 1163 ἀτελεῖς,
1553 1114 1581 1154 si
1599 1128 1693 1155 eum

425 1169 465 1209 in
483 1169 641 1208 modum
657 1169 901 1222 intelligatur,
912 1181 954 1208 ut
967 1170 1192 1209 Latinorum
1207 1170 1384 1208 immunis.-
1397 1169 1433 1207 in
1447 1168 1590 1209 Gloffis
1601 1169 1693 1209 alte-

424 1235 513 1262 rum
528 1224 681 1262 alterius
702 1223 948 1273 explicationi
965 1223 1118 1262 inservit
1131 1223 1382 1263 vocabulum.
1392 1222 1497 1262 Tum
1513 1221 1640 1262 sensus
1651 1235 1694 1263 e-

425 1278 476 1316 rit
487 1308 498 1325 ‚
512 1276 615 1329 isque
630 1277 783 1316 minime
795 1277 1098 1317 contemnendus
1109 1289 1118 1314 :
1124 1277 1188 1328 sed
1196 1278 1356 1316 immunes
1361 1277 1486 1328 sumus
1499 1291 1604 1316 rerum
1615 1277 1694 1330 ista-

424 1345 498 1369 rum
513 1331 681 1369 omnium.-
695 1329 761 1380 sed
772 1331 924 1369 oneribus
939 1331 1007 1369 illis
1026 1346 1068 1369 ac
1077 1330 1306 1381 fithionibus
1313 1331 1452 1382 sitiendi
1465 1329 1691 1383 esuriendique

418 1384 544 1436 sumus
558 1384 673 1423 levati.
687 1383 774 1435 Qui
789 1385 886 1424 hanc
904 1384 1131 1437 elegantiam
1145 1397 1224 1423 non
1241 1385 1438 1435 capiebant
1450 1413 1460 1429 ,
1475 1384 1598 1424 videri
1612 1382 1696 1437 pos-

425 1437 513 1477 sunt
529 1437 699 1477 mutaffe.
717 1438 802 1477 Nos
819 1439 964 1478 interea
977 1470 987 1484 ‚
1003 1438 1093 1477 dum
1115 1438 1257 1477 certius
1278 1437 1567 1477 fundamentum
1590 1438 1693 1478 dete-

425 1503 550 1544 gatur„
565 1492 726 1531 leffione
741 1492 898 1544 vulgata
910 1492 1055 1531 erimus
1069 1492 1250 1531 contenti.
1267 1492 1429 1531 Hsmsr.

479 1548 551 1584 cad.
565 1545 587 1583 l.
605 1560 662 1597 13.
679 1546 736 1583 Min
755 1547 988 1595 περιπίπτῃς
1003 1544 1176 1598 σεαυτῷ)
1190 1545 1281 1584 Non
1296 1545 1369 1592 est,
1389 1561 1429 1584 ne
1442 1545 1502 1584 tibi
1519 1547 1691 1585 contradi-

424 1614 484 1639 cas
495 1630 505 1645 ‚
523 1610 565 1638 ut
577 1598 823 1646 BenediCtus3
844 1598 903 1639 sed
914 1629 925 1645 ,
939 1612 1029 1639 cum
1047 1599 1209 1639 multum
1225 1599 1486 1639 circumiveris
1497 1629 1506 1647 ‚
1519 1608 1558 1639 te
1572 1599 1694 1639 veluti

424 1652 596 1705 fugiens,
607 1653 644 1691 in
656 1663 691 1691 te
705 1652 780 1705 ipse
795 1653 948 1692 incidas.
962 1652 1084 1693 CLER.
1100 1653 1277 1692 Budaeus
1287 1652 1333 1692 C.
1350 1653 1391 1693 L.
1405 1653 1456 1694 G.
1468 1667 1505 1706 p.
1517 1667 1609 1707 431,
1624 1666 1696 1707 po-

423 1705 501 1746 fitis
514 1707 672 1746 Luciani
684 1707 811 1746 Verbis
822 1707 920 1745 addit
932 1736 944 1752 ,
957 1709 1149 1746 revolvatur
1165 1707 1199 1745 δ’
1212 1707 1478 1758 circumagatur:
1490 1707 1595 1760 quod
1608 1720 1695 1760 pro-

423 1762 508 1813 prie
522 1761 682 1811 pertinet
696 1760 740 1798 ad
755 1760 1036 1813 explanandum
1050 1759 1223 1813 περιστῇ.
1235 1761 1360 1800 Modo
1373 1761 1410 1799 in
1422 1761 1601 1814 Gregorii
1614 1761 1694 1801 Na-

424 1815 542 1852 zianz.
565 1814 656 1852 loco
669 1843 679 1859 ‚
697 1810 811 1853 οὕτως
826 1809 1010 1853 εὐάλωτόν
1026 1816 1124 1853 ἐστιν
1143 1811 1160 1854 ἦ
1179 1816 1330 1865 πονηρία
1341 1845 1353 1862 ,
1367 1814 1431 1853 καὶ
1449 1815 1697 1867 πανταχόθεν

423 1865 541 1915 ἑαυτῆ
553 1867 837 1918 περιπίπτουσει
848 1898 859 1915 ,
882 1867 1107 1908 reddiderat:
1123 1869 1158 1906 in
1165 1867 1270 1917 semet
1281 1869 1389 1921 ipsam
1407 1870 1601 1915 incurrens,
1617 1869 1694 1922 ipsit

418 1923 486 1974 fibi
500 1921 680 1960 contraria.
694 1920 755 1959 Est
768 1932 895 1960 autem
910 1923 1150 1972 περιπίπτειν
1165 1921 1301 1971 ἑαυτῷ,
1315 1923 1469 1975 quando
1481 1923 1567 1975 quis
1578 1923 1623 1962 ils
1633 1935 1693 1962 ar·

423 1975 614 2027 gumentis
627 1975 668 2014 &
681 1975 975 2026 probationibus
989 1976 1124 2024 utitur,
1138 1975 1276 2028 quibus
1291 1976 1328 2014 in
1341 1975 1378 2015 se
1393 1975 1588 2016 converfis
1603 1976 1693 2017 faci-

423 2029 458 2068 le
473 2029 675 2074 refutetur,
690 2041 817 2081 eoque
834 2028 947 2080 paEto
961 2029 999 2069 in
1017 2029 1133 2069 semet
1146 2029 1221 2082 ipse
1233 2030 1433 2069 incurrens
1445 2029 1592 2070 absurdi
1603 2043 1696 2070 con·

422 2083 618 2123 vincatur:
633 2082 709 2122 hoc
728 2081 814 2122 sane
828 2083 911 2122 eius
924 2082 998 2130 est,
1018 2083 1083 2136 qui
1098 2082 1257 2122 adverso
1272 2084 1398 2136 capite
1412 2085 1620 2143 pugnantia
1633 2085 1696 2124 lo-

425 2148 536 2176 cutus
548 2135 617 2176 fibi
629 2137 877 2177 contradicit:
893 2149 970 2189 qua
984 2137 1023 2176 in
1037 2136 1149 2177 causa
1164 2136 1375 2176 Chironem
1392 2139 1531 2178 versari
1545 2139 1693 2192 Menip-

423 2203 496 2242 pus
509 2189 748 2230 demonstrat.
762 2190 946 2244 Exempla
961 2190 1074 2231 huius
1087 2191 1243 2231 virtutis
1259 2191 1367 2244 plura
1382 2193 1547 2246 reperies
1561 2193 1598 2232 in
1610 2193 1693 2233 Bu-

421 2244 518 2283 daeo
533 2258 567 2297 p.
588 2257 674 2296 533.
690 2245 853 2283 HEMST.

479 2299 568 2350 Pag.
585 2312 670 2338 222.
684 2298 706 2336 l.
720 2313 756 2345 4.
769 2296 946 2338 Ἐντεῦθεν
959 2297 995 2338 ἐς
1013 2295 1126 2338 ἄλλον
1139 2298 1201 2351 β.)
1216 2298 1363 2338 Subint.
1379 2298 1510 2340 sericea
1530 2299 1693 2349 μεταβα-
1746 2345 1748 2355 ¹

421 2350 484 2391 λὺν
500 2351 630 2402 ζητεῖν.
646 2351 814 2392 Ουγετ.
828 2352 919 2391 Non
939 2352 1177 2406 intelligenda
1193 2365 1282 2392 cum
1302 2352 1467 2405 Guyeto
1480 2384 1492 2402 ,
1514 2351 1574 2393 sed
1597 2353 1691 2393 haec

420 2406 554 2444 ordine
563 2406 753 2445 continuo
762 2406 1073 2459 praecedentibus
1084 2405 1223 2458 absque
1234 2405 1479 2447 distinEtionis
1488 2406 1595 2460 ligno
1606 2406 1690 2446 sunt
1734 2413 1748 2446 .’

421 2459 666 2511 adiungenda.
677 2460 776 2499 Vide
791 2460 912 2499 Notas
923 2460 968 2499 ad
980 2459 1080 2500 Dial.
1093 2460 1221 2500 XVII.
1235 2461 1398 2500 HEMST.

475 2515 549 2552 ead.
563 2513 587 2552 l.
601 2508 776 2565 6.“0÷r÷;›‚
790 2510 896 2566 οἶμαι
909 2544 922 2561 ,
938 2514 1001 2554 καὶ
1020 2514 1146 2567 φασὶ)
1162 2513 1346 2556 Gataker.
1363 2515 1409 2555 ad
1425 2515 1481 2555 Μ.
1500 2513 1690 2555 Antonin.
