<?xml version="1.0" encoding="UTF-8"?>
<!DOCTYPE html PUBLIC "-//W3C//DTD XHTML 1.0 Transitional//EN"
    "http://www.w3.org/TR/xhtml1/DTD/xhtml1-transitional.dtd">
<html xmlns="http://www.w3.org/1999/xhtml" xml:lang="en" lang="en">
 <head>
  <title>
</title>
<meta http-equiv="Content-Type" content="text/html;charset=utf-8" />
  <meta name='ocr-system' content='tesseract 3.04.00' />
  <meta name='ocr-capabilities' content='ocr_page ocr_carea ocr_par ocr_line ocrx_word'/>
</head>
<body>
  <div class='ocr_page' id='page_1' title='image "./operagraeceetlat02luciuoft_0511.png"; bbox 0 0 1748 3420; ppageno 0'>
   <div class='ocr_carea' id='block_1_1' title="bbox 104 197 1293 260">
    <p class='ocr_par' dir='ltr' id='par_1_1' title="bbox 104 197 1293 260">
     <span class='ocr_line' id='line_1_1' title="bbox 104 197 1293 260; baseline -0.003 -16"><span class='ocrx_word' id='word_1_1' title='bbox 104 200 182 245; x_wconf 89' lang='lat' dir='ltr'>IN</span> <span class='ocrx_word' id='word_1_2' title='bbox 216 198 617 244; x_wconf 80' lang='lat' dir='ltr'>DIALOGOS</span> <span class='ocrx_word' id='word_1_3' title='bbox 655 197 1167 243; x_wconf 84' lang='lat' dir='ltr'>MORTUORUM.</span> <span class='ocrx_word' id='word_1_4' title='bbox 1202 214 1293 260; x_wconf 81' lang='lat'>473</span> 
     </span>
    </p>
   </div>
   <div class='ocr_carea' id='block_1_2' title="bbox 22 284 1311 2547">
    <p class='ocr_par' dir='ltr' id='par_1_2' title="bbox 22 284 1302 700">
     <span class='ocr_line' id='line_1_2' title="bbox 22 284 1300 341; baseline 0 -15"><span class='ocrx_word' id='word_1_5' title='bbox 22 285 103 341; x_wconf 88' lang='lat' dir='ltr'>sum</span> <span class='ocrx_word' id='word_1_6' title='bbox 115 299 131 332; x_wconf 90' lang='lat'><em>;</em></span> <span class='ocrx_word' id='word_1_7' title='bbox 155 285 260 338; x_wconf 89' lang='lat' dir='ltr'>quod</span> <span class='ocrx_word' id='word_1_8' title='bbox 279 286 320 324; x_wconf 79' lang='grc' dir='ltr'>δι</span> <span class='ocrx_word' id='word_1_9' title='bbox 333 284 542 325; x_wconf 87' lang='lat' dir='ltr'>obscurum</span> <span class='ocrx_word' id='word_1_10' title='bbox 558 284 626 330; x_wconf 90' lang='lat' dir='ltr'>est,</span> <span class='ocrx_word' id='word_1_11' title='bbox 644 284 813 337; x_wconf 81' lang='lat' dir='ltr'>&amp;longe</span> <span class='ocrx_word' id='word_1_12' title='bbox 833 297 853 322; x_wconf 88' lang='lat' dir='ltr'>a</span> <span class='ocrx_word' id='word_1_13' title='bbox 868 285 1023 324; x_wconf 86' lang='lat' dir='ltr'>Luciani</span> <span class='ocrx_word' id='word_1_14' title='bbox 1040 296 1169 326; x_wconf 88' lang='lat' dir='ltr'>mente</span> <span class='ocrx_word' id='word_1_15' title='bbox 1184 286 1300 326; x_wconf 86' lang='lat' dir='ltr'>disce-</span> 
     </span>
     <span class='ocr_line' id='line_1_3' title="bbox 27 338 1302 391; baseline 0.001 -12"><span class='ocrx_word' id='word_1_16' title='bbox 27 339 95 385; x_wconf 89' lang='lat' dir='ltr'>dit,</span> <span class='ocrx_word' id='word_1_17' title='bbox 107 339 174 391; x_wconf 89' lang='lat' dir='ltr'>qui</span> <span class='ocrx_word' id='word_1_18' title='bbox 190 338 404 391; x_wconf 76' lang='lat' dir='ltr'>significare</span> <span class='ocrx_word' id='word_1_19' title='bbox 418 338 556 379; x_wconf 87' lang='lat' dir='ltr'>scilicet</span> <span class='ocrx_word' id='word_1_20' title='bbox 571 338 745 383; x_wconf 87' lang='lat' dir='ltr'>volebat,</span> <span class='ocrx_word' id='word_1_21' title='bbox 767 339 1039 386; x_wconf 86' lang='lat' dir='ltr'>Hannibalem,</span> <span class='ocrx_word' id='word_1_22' title='bbox 1053 340 1176 379; x_wconf 89' lang='lat' dir='ltr'>multo</span> <span class='ocrx_word' id='word_1_23' title='bbox 1193 339 1302 381; x_wconf 89' lang='lat' dir='ltr'>secus</span> 
     </span>
     <span class='ocr_line' id='line_1_4' title="bbox 27 391 1299 446; baseline 0.001 -14"><span class='ocrx_word' id='word_1_24' title='bbox 27 403 147 445; x_wconf 80' lang='lat' dir='ltr'>atque</span> <span class='ocrx_word' id='word_1_25' title='bbox 167 392 454 439; x_wconf 83' lang='lat' dir='ltr'>Alexandrum,</span> <span class='ocrx_word' id='word_1_26' title='bbox 477 394 516 431; x_wconf 91' lang='lat' dir='ltr'>in</span> <span class='ocrx_word' id='word_1_27' title='bbox 537 391 832 431; x_wconf 82' lang='lat' dir='ltr'>administrandis</span> <span class='ocrx_word' id='word_1_28' title='bbox 859 393 971 431; x_wconf 89' lang='lat' dir='ltr'>rebus</span> <span class='ocrx_word' id='word_1_29' title='bbox 992 394 1151 445; x_wconf 87' lang='lat' dir='ltr'>publicis</span> <span class='ocrx_word' id='word_1_30' title='bbox 1171 407 1299 446; x_wconf 88' lang='lat' dir='ltr'>aequo</span> 
     </span>
     <span class='ocr_line' id='line_1_5' title="bbox 28 444 1299 498; baseline 0.001 -12"><span class='ocrx_word' id='word_1_31' title='bbox 28 445 113 491; x_wconf 86' lang='lat' dir='ltr'>iure</span> <span class='ocrx_word' id='word_1_32' title='bbox 127 444 233 485; x_wconf 84' lang='lat' dir='ltr'>fuiffe</span> <span class='ocrx_word' id='word_1_33' title='bbox 246 457 470 486; x_wconf 90' lang='lat' dir='ltr'>contentum</span> <span class='ocrx_word' id='word_1_34' title='bbox 486 477 499 493; x_wconf 87' lang='lat'>,</span> <span class='ocrx_word' id='word_1_35' title='bbox 522 446 748 498; x_wconf 80' lang='lat' dir='ltr'>patriaeque</span> <span class='ocrx_word' id='word_1_36' title='bbox 769 445 918 497; x_wconf 83' lang='lat' dir='ltr'>legibus</span> <span class='ocrx_word' id='word_1_37' title='bbox 931 459 977 485; x_wconf 89' lang='lat' dir='ltr'>ac</span> <span class='ocrx_word' id='word_1_38' title='bbox 994 446 1094 486; x_wconf 89' lang='lat' dir='ltr'>iuffis</span> <span class='ocrx_word' id='word_1_39' title='bbox 1116 448 1299 487; x_wconf 83' lang='lat' dir='ltr'>libentem</span> 
     </span>
     <span class='ocr_line' id='line_1_6' title="bbox 27 498 1297 554; baseline 0.002 -16"><span class='ocrx_word' id='word_1_40' title='bbox 27 498 202 554; x_wconf 70' lang='lat' dir='ltr'>paruisse.</span> <span class='ocrx_word' id='word_1_41' title='bbox 233 499 378 539; x_wconf 86' lang='lat' dir='ltr'>Socrat.</span> <span class='ocrx_word' id='word_1_42' title='bbox 394 501 462 552; x_wconf 76' lang='lat' dir='ltr'>Ep.</span> <span class='ocrx_word' id='word_1_43' title='bbox 478 499 517 545; x_wconf 91' lang='lat' dir='ltr'>I,</span> <span class='ocrx_word' id='word_1_44' title='bbox 540 513 575 552; x_wconf 88' lang='lat' dir='ltr'>p.</span> <span class='ocrx_word' id='word_1_45' title='bbox 592 513 629 544; x_wconf 74' lang='lat'>2,</span> <span class='ocrx_word' id='word_1_46' title='bbox 644 501 715 537; x_wconf 68' lang='grc' dir='ltr'>τὰς</span> <span class='ocrx_word' id='word_1_47' title='bbox 733 498 937 551; x_wconf 55' lang='grc' dir='ltr'>ἓιατριβάς</span> <span class='ocrx_word' id='word_1_48' title='bbox 952 501 986 538; x_wconf 75' lang='grc' dir='ltr'><em>ἐν</em></span> <span class='ocrx_word' id='word_1_49' title='bbox 1000 500 1102 550; x_wconf 79' lang='grc' dir='ltr'><em>κοινῷ</em></span> <span class='ocrx_word' id='word_1_50' title='bbox 1116 499 1297 551; x_wconf 72' lang='grc' dir='ltr'><em>ποιοῦμαι</em></span> 
     </span>
     <span class='ocr_line' id='line_1_7' title="bbox 27 551 1299 607; baseline -0.001 -13"><span class='ocrx_word' id='word_1_51' title='bbox 27 553 161 594; x_wconf 71' lang='grc' dir='ltr'><em>ἐπίσης</em></span> <span class='ocrx_word' id='word_1_52' title='bbox 180 551 307 602; x_wconf 67' lang='grc' dir='ltr'><em>ὁμοίως</em></span> <span class='ocrx_word' id='word_1_53' title='bbox 323 553 395 607; x_wconf 88' lang='lat' dir='ltr'>(ita</span> <span class='ocrx_word' id='word_1_54' title='bbox 408 553 496 606; x_wconf 85' lang='lat' dir='ltr'>lego</span> <span class='ocrx_word' id='word_1_55' title='bbox 516 565 590 605; x_wconf 92' lang='lat' dir='ltr'>pro</span> <span class='ocrx_word' id='word_1_56' title='bbox 608 551 754 604; x_wconf 78' lang='grc' dir='ltr'><em>ὁμοίως)</em></span> <span class='ocrx_word' id='word_1_57' title='bbox 774 551 917 592; x_wconf 72' lang='grc' dir='ltr'><em>ἀκούειν</em></span> <span class='ocrx_word' id='word_1_58' title='bbox 938 553 992 601; x_wconf 78' lang='grc' dir='ltr'><em>τῷ</em></span> <span class='ocrx_word' id='word_1_59' title='bbox 1004 554 1061 592; x_wconf 75' lang='grc' dir='ltr'>ἀεὶ</span> <span class='ocrx_word' id='word_1_60' title='bbox 1079 555 1155 593; x_wconf 70' lang='lat' dir='ltr'>&#39;dv-tt</span> <span class='ocrx_word' id='word_1_61' title='bbox 1171 569 1214 594; x_wconf 80' lang='grc' dir='ltr'>τε</span> <span class='ocrx_word' id='word_1_62' title='bbox 1234 555 1299 593; x_wconf 71' lang='grc' dir='ltr'>καὶ</span> 
     </span>
     <span class='ocr_line' id='line_1_8' title="bbox 25 603 1298 661; baseline 0.001 -14"><span class='ocrx_word' id='word_1_63' title='bbox 25 603 93 658; x_wconf 69' lang='grc' dir='ltr'>μή·</span> <span class='ocrx_word' id='word_1_64' title='bbox 113 619 214 660; x_wconf 88' lang='lat' dir='ltr'>quae</span> <span class='ocrx_word' id='word_1_65' title='bbox 226 607 307 647; x_wconf 91' lang='lat' dir='ltr'>Leo</span> <span class='ocrx_word' id='word_1_66' title='bbox 318 607 483 649; x_wconf 78' lang='lat' dir='ltr'>Allatius</span> <span class='ocrx_word' id='word_1_67' title='bbox 497 608 538 647; x_wconf 78' lang='grc' dir='ltr'>δι</span> <span class='ocrx_word' id='word_1_68' title='bbox 550 606 648 645; x_wconf 89' lang='lat' dir='ltr'>male</span> <span class='ocrx_word' id='word_1_69' title='bbox 662 616 795 654; x_wconf 86' lang='lat' dir='ltr'>tentat,</span> <span class='ocrx_word' id='word_1_70' title='bbox 811 608 850 645; x_wconf 85' lang='lat'>&amp;</span> <span class='ocrx_word' id='word_1_71' title='bbox 865 619 945 646; x_wconf 89' lang='lat' dir='ltr'>non</span> <span class='ocrx_word' id='word_1_72' title='bbox 961 607 1096 646; x_wconf 84' lang='lat' dir='ltr'>melius</span> <span class='ocrx_word' id='word_1_73' title='bbox 1111 609 1298 661; x_wconf 88' lang='lat' dir='ltr'>interpre-</span> 
     </span>
     <span class='ocr_line' id='line_1_9' title="bbox 30 660 334 700; baseline 0 0"><span class='ocrx_word' id='word_1_74' title='bbox 30 670 146 700; x_wconf 85' lang='lat' dir='ltr'>tatur.</span> <span class='ocrx_word' id='word_1_75' title='bbox 170 660 334 700; x_wconf 74' lang='lat' dir='ltr'>HEMsT.</span> 
     </span>
    </p>

    <p class='ocr_par' dir='ltr' id='par_1_3' title="bbox 26 712 1308 2221">
     <span class='ocr_line' id='line_1_10' title="bbox 81 712 1299 767; baseline 0.001 -14"><span class='ocrx_word' id='word_1_76' title='bbox 81 714 188 753; x_wconf 82' lang='lat' dir='ltr'>ead.l.</span> <span class='ocrx_word' id='word_1_77' title='bbox 203 713 238 752; x_wconf 90' lang='lat'>8.</span> <span class='ocrx_word' id='word_1_78' title='bbox 254 714 433 766; x_wconf 63' lang='grc' dir='ltr'><em>Βάρβοιρος</em></span> <span class='ocrx_word' id='word_1_79' title='bbox 447 712 514 766; x_wconf 70' lang='grc' dir='ltr'>ὢν)</span> <span class='ocrx_word' id='word_1_80' title='bbox 530 712 660 752; x_wconf 87' lang='lat' dir='ltr'>Valer.</span> <span class='ocrx_word' id='word_1_81' title='bbox 670 712 780 751; x_wconf 83' lang='lat' dir='ltr'>Max.</span> <span class='ocrx_word' id='word_1_82' title='bbox 796 713 852 762; x_wconf 91' lang='lat' dir='ltr'>V,</span> <span class='ocrx_word' id='word_1_83' title='bbox 870 726 902 761; x_wconf 87' lang='lat'>1,</span> <span class='ocrx_word' id='word_1_84' title='bbox 916 724 991 753; x_wconf 84' lang='lat' dir='ltr'>ext.</span> <span class='ocrx_word' id='word_1_85' title='bbox 1010 713 1075 763; x_wconf 84' lang='lat'>§6,</span> <span class='ocrx_word' id='word_1_86' title='bbox 1096 714 1299 767; x_wconf 85' lang='lat' dir='ltr'>postquam</span> 
     </span>
     <span class='ocr_line' id='line_1_11' title="bbox 27 767 1298 821; baseline 0 -13"><span class='ocrx_word' id='word_1_87' title='bbox 27 767 256 808; x_wconf 81' lang='lat' dir='ltr'>Hannibalis</span> <span class='ocrx_word' id='word_1_88' title='bbox 267 767 415 821; x_wconf 83' lang='lat' dir='ltr'>aliquot</span> <span class='ocrx_word' id='word_1_89' title='bbox 425 767 599 820; x_wconf 81' lang='lat' dir='ltr'>exempla</span> <span class='ocrx_word' id='word_1_90' title='bbox 608 767 852 806; x_wconf 87' lang='lat' dir='ltr'>humanitatis</span> <span class='ocrx_word' id='word_1_91' title='bbox 862 768 1058 814; x_wconf 84' lang='lat' dir='ltr'>retulerat,</span> <span class='ocrx_word' id='word_1_92' title='bbox 1069 769 1204 808; x_wconf 84' lang='lat' dir='ltr'>addere</span> <span class='ocrx_word' id='word_1_93' title='bbox 1216 782 1298 808; x_wconf 86' lang='lat' dir='ltr'>non</span> 
     </span>
     <span class='ocr_line' id='line_1_12' title="bbox 27 820 1296 874; baseline 0.001 -13"><span class='ocrx_word' id='word_1_94' title='bbox 27 821 243 861; x_wconf 84' lang='lat' dir='ltr'>dubitavit:</span> <span class='ocrx_word' id='word_1_95' title='bbox 268 822 364 874; x_wconf 77' lang='lat' dir='ltr'>Ergo</span> <span class='ocrx_word' id='word_1_96' title='bbox 380 822 602 860; x_wconf 76' lang='lat' dir='ltr'>humanitatis</span> <span class='ocrx_word' id='word_1_97' title='bbox 619 822 758 859; x_wconf 78' lang='lat' dir='ltr'>dulcedo</span> <span class='ocrx_word' id='word_1_98' title='bbox 769 822 867 859; x_wconf 78' lang='lat' dir='ltr'>etiam</span> <span class='ocrx_word' id='word_1_99' title='bbox 881 822 916 859; x_wconf 82' lang='lat' dir='ltr'>in</span> <span class='ocrx_word' id='word_1_100' title='bbox 930 820 1065 872; x_wconf 66' lang='lat' dir='ltr'>efferata</span> <span class='ocrx_word' id='word_1_101' title='bbox 1079 823 1296 862; x_wconf 74' lang='lat' dir='ltr'>barbarorum</span> 
     </span>
     <span class='ocr_line' id='line_1_13' title="bbox 27 873 1302 928; baseline 0.001 -14"><span class='ocrx_word' id='word_1_102' title='bbox 27 875 161 928; x_wconf 71' lang='lat' dir='ltr'>ingenia</span> <span class='ocrx_word' id='word_1_103' title='bbox 168 888 331 928; x_wconf 80' lang='lat' dir='ltr'>penetrat.</span> <span class='ocrx_word' id='word_1_104' title='bbox 346 875 449 915; x_wconf 87' lang='lat' dir='ltr'>Idem</span> <span class='ocrx_word' id='word_1_105' title='bbox 462 873 835 927; x_wconf 80' lang='lat' dir='ltr'>Carthaginiensibus</span> <span class='ocrx_word' id='word_1_106' title='bbox 851 876 890 913; x_wconf 90' lang='lat' dir='ltr'>in</span> <span class='ocrx_word' id='word_1_107' title='bbox 903 875 1026 914; x_wconf 88' lang='lat' dir='ltr'>Atilio</span> <span class='ocrx_word' id='word_1_108' title='bbox 1040 875 1199 928; x_wconf 89' lang='lat' dir='ltr'>Regulo</span> <span class='ocrx_word' id='word_1_109' title='bbox 1214 889 1302 915; x_wconf 88' lang='lat' dir='ltr'>cru-</span> 
     </span>
     <span class='ocr_line' id='line_1_14' title="bbox 27 927 1300 980; baseline 0.001 -12"><span class='ocrx_word' id='word_1_110' title='bbox 27 928 207 969; x_wconf 86' lang='lat' dir='ltr'>deliffime</span> <span class='ocrx_word' id='word_1_111' title='bbox 231 930 405 969; x_wconf 87' lang='lat' dir='ltr'>necando</span> <span class='ocrx_word' id='word_1_112' title='bbox 425 930 599 968; x_wconf 80' lang='lat' dir='ltr'>barbaram</span> <span class='ocrx_word' id='word_1_113' title='bbox 615 927 785 979; x_wconf 81' lang='lat' dir='ltr'>feritatem</span> <span class='ocrx_word' id='word_1_114' title='bbox 808 928 1016 980; x_wconf 79' lang='lat' dir='ltr'>exprobrat</span> <span class='ocrx_word' id='word_1_115' title='bbox 1041 929 1095 968; x_wconf 92' lang='lat' dir='ltr'>IX</span> <span class='ocrx_word' id='word_1_116' title='bbox 1105 960 1116 977; x_wconf 90' lang='lat'><em>‚</em></span> <span class='ocrx_word' id='word_1_117' title='bbox 1144 944 1166 968; x_wconf 90' lang='lat'>2</span> <span class='ocrx_word' id='word_1_118' title='bbox 1181 960 1194 976; x_wconf 90' lang='lat'>,</span> <span class='ocrx_word' id='word_1_119' title='bbox 1222 941 1300 969; x_wconf 84' lang='lat' dir='ltr'>ext.</span> 
     </span>
     <span class='ocr_line' id='line_1_15' title="bbox 29 981 1302 1036; baseline 0.001 -15"><span class='ocrx_word' id='word_1_120' title='bbox 29 983 48 1033; x_wconf 87' lang='lat'>§</span> <span class='ocrx_word' id='word_1_121' title='bbox 71 995 102 1022; x_wconf 88' lang='lat' dir='ltr'>r.</span> <span class='ocrx_word' id='word_1_122' title='bbox 118 995 207 1021; x_wconf 87' lang='lat' dir='ltr'>nam</span> <span class='ocrx_word' id='word_1_123' title='bbox 222 983 380 1023; x_wconf 87' lang='lat' dir='ltr'>Graecis</span> <span class='ocrx_word' id='word_1_124' title='bbox 394 983 546 1035; x_wconf 87' lang='lat' dir='ltr'>quidem</span> <span class='ocrx_word' id='word_1_125' title='bbox 560 981 743 1035; x_wconf 90' lang='lat' dir='ltr'>quidquid</span> <span class='ocrx_word' id='word_1_126' title='bbox 758 983 951 1021; x_wconf 88' lang='lat' dir='ltr'>eruditum</span> <span class='ocrx_word' id='word_1_127' title='bbox 965 993 1066 1031; x_wconf 87' lang='lat' dir='ltr'>erat,</span> <span class='ocrx_word' id='word_1_128' title='bbox 1089 994 1207 1036; x_wconf 84' lang='lat' dir='ltr'>atque</span> <span class='ocrx_word' id='word_1_129' title='bbox 1230 984 1302 1022; x_wconf 85' lang='lat' dir='ltr'>hu·</span> 
     </span>
     <span class='ocr_line' id='line_1_16' title="bbox 29 1035 1302 1090; baseline 0.001 -14"><span class='ocrx_word' id='word_1_130' title='bbox 29 1037 222 1077; x_wconf 87' lang='lat' dir='ltr'>manitatis</span> <span class='ocrx_word' id='word_1_131' title='bbox 244 1037 285 1076; x_wconf 73' lang='grc' dir='ltr'>δι</span> <span class='ocrx_word' id='word_1_132' title='bbox 304 1036 420 1076; x_wconf 84' lang='lat' dir='ltr'>officii</span> <span class='ocrx_word' id='word_1_133' title='bbox 444 1037 602 1089; x_wconf 89' lang='lat' dir='ltr'>plenum</span> <span class='ocrx_word' id='word_1_134' title='bbox 615 1035 846 1084; x_wconf 70' lang='grc' dir='ltr'><em>,Ἑλληνικὸν</em></span> <span class='ocrx_word' id='word_1_135' title='bbox 864 1036 1081 1084; x_wconf 79' lang='lat' dir='ltr'>dicebatur3</span> <span class='ocrx_word' id='word_1_136' title='bbox 1102 1050 1178 1090; x_wconf 92' lang='lat' dir='ltr'>qua</span> <span class='ocrx_word' id='word_1_137' title='bbox 1193 1037 1240 1077; x_wconf 91' lang='lat' dir='ltr'>de</span> <span class='ocrx_word' id='word_1_138' title='bbox 1259 1050 1302 1077; x_wconf 88' lang='lat' dir='ltr'>re</span> 
     </span>
     <span class='ocr_line' id='line_1_17' title="bbox 26 1088 1295 1143; baseline 0.001 -14"><span class='ocrx_word' id='word_1_139' title='bbox 26 1089 114 1130; x_wconf 87' lang='lat' dir='ltr'>satis</span> <span class='ocrx_word' id='word_1_140' title='bbox 136 1101 373 1142; x_wconf 81' lang='lat' dir='ltr'>arroganter,</span> <span class='ocrx_word' id='word_1_141' title='bbox 389 1102 514 1143; x_wconf 89' lang='lat' dir='ltr'>neque</span> <span class='ocrx_word' id='word_1_142' title='bbox 529 1101 656 1129; x_wconf 86' lang='lat' dir='ltr'>tamen</span> <span class='ocrx_word' id='word_1_143' title='bbox 671 1088 780 1135; x_wconf 86' lang='lat' dir='ltr'>falso,</span> <span class='ocrx_word' id='word_1_144' title='bbox 794 1089 947 1130; x_wconf 90' lang='lat' dir='ltr'>Isocrat.</span> <span class='ocrx_word' id='word_1_145' title='bbox 966 1090 1119 1130; x_wconf 85' lang='lat' dir='ltr'>Panath.</span> <span class='ocrx_word' id='word_1_146' title='bbox 1135 1105 1170 1143; x_wconf 87' lang='lat' dir='ltr'>p.</span> <span class='ocrx_word' id='word_1_147' title='bbox 1191 1105 1230 1141; x_wconf 85' lang='lat'>51</span> <span class='ocrx_word' id='word_1_148' title='bbox 1246 1091 1295 1130; x_wconf 93' lang='lat' dir='ltr'>A.</span> 
     </span>
     <span class='ocr_line' id='line_1_18' title="bbox 29 1143 1302 1196; baseline -0.001 -12"><span class='ocrx_word' id='word_1_149' title='bbox 29 1143 156 1196; x_wconf 82' lang='lat' dir='ltr'>Quod</span> <span class='ocrx_word' id='word_1_150' title='bbox 176 1157 327 1190; x_wconf 83' lang='lat' dir='ltr'>autern,</span> <span class='ocrx_word' id='word_1_151' title='bbox 351 1143 472 1184; x_wconf 86' lang='lat' dir='ltr'>verba</span> <span class='ocrx_word' id='word_1_152' title='bbox 494 1144 668 1184; x_wconf 89' lang='lat' dir='ltr'>Luciano</span> <span class='ocrx_word' id='word_1_153' title='bbox 690 1143 945 1190; x_wconf 87' lang='lat' dir='ltr'>ministrante,</span> <span class='ocrx_word' id='word_1_154' title='bbox 968 1144 1151 1184; x_wconf 86' lang='lat' dir='ltr'>barbarus</span> <span class='ocrx_word' id='word_1_155' title='bbox 1169 1145 1302 1184; x_wconf 79' lang='lat' dir='ltr'>audire</span> 
     </span>
     <span class='ocr_line' id='line_1_19' title="bbox 27 1197 1302 1251; baseline -0.001 -13"><span class='ocrx_word' id='word_1_156' title='bbox 27 1211 113 1238; x_wconf 87' lang='lat' dir='ltr'>non</span> <span class='ocrx_word' id='word_1_157' title='bbox 127 1197 292 1250; x_wconf 84' lang='lat' dir='ltr'>refugiat</span> <span class='ocrx_word' id='word_1_158' title='bbox 304 1197 508 1245; x_wconf 87' lang='lat' dir='ltr'>Hannibal,</span> <span class='ocrx_word' id='word_1_159' title='bbox 523 1199 602 1237; x_wconf 87' lang='lat' dir='ltr'>eius</span> <span class='ocrx_word' id='word_1_160' title='bbox 611 1197 874 1250; x_wconf 86' lang='lat' dir='ltr'>appellationis</span> <span class='ocrx_word' id='word_1_161' title='bbox 891 1198 1070 1237; x_wconf 85' lang='lat' dir='ltr'>convicio</span> <span class='ocrx_word' id='word_1_162' title='bbox 1083 1198 1302 1251; x_wconf 83' lang='lat' dir='ltr'>Philippum</span> 
     </span>
     <span class='ocr_line' id='line_1_20' title="bbox 28 1251 1302 1305; baseline -0.001 -13"><span class='ocrx_word' id='word_1_163' title='bbox 28 1251 241 1292; x_wconf 83' lang='lat' dir='ltr'>Alexandri</span> <span class='ocrx_word' id='word_1_164' title='bbox 265 1263 413 1305; x_wconf 85' lang='lat' dir='ltr'>patrem</span> <span class='ocrx_word' id='word_1_165' title='bbox 438 1251 662 1305; x_wconf 89' lang='lat' dir='ltr'>prosecutus</span> <span class='ocrx_word' id='word_1_166' title='bbox 687 1251 739 1291; x_wconf 88' lang='lat' dir='ltr'>est</span> <span class='ocrx_word' id='word_1_167' title='bbox 754 1251 1034 1292; x_wconf 85' lang='lat' dir='ltr'>Demosthenes</span> <span class='ocrx_word' id='word_1_168' title='bbox 1046 1283 1056 1299; x_wconf 94' lang='lat'>‚</span> <span class='ocrx_word' id='word_1_169' title='bbox 1082 1253 1196 1305; x_wconf 90' lang='lat' dir='ltr'>idque</span> <span class='ocrx_word' id='word_1_170' title='bbox 1222 1263 1302 1291; x_wconf 83' lang='lat' dir='ltr'>tam</span> 
     </span>
     <span class='ocr_line' id='line_1_21' title="bbox 28 1305 1302 1359; baseline 0 -13"><span class='ocrx_word' id='word_1_171' title='bbox 28 1306 286 1359; x_wconf 82' lang='lat' dir='ltr'>impotenter,</span> <span class='ocrx_word' id='word_1_172' title='bbox 310 1318 352 1346; x_wconf 93' lang='lat' dir='ltr'>ut</span> <span class='ocrx_word' id='word_1_173' title='bbox 370 1319 419 1346; x_wconf 91' lang='lat' dir='ltr'>ne</span> <span class='ocrx_word' id='word_1_174' title='bbox 442 1307 518 1346; x_wconf 89' lang='lat' dir='ltr'>hoc</span> <span class='ocrx_word' id='word_1_175' title='bbox 533 1307 686 1359; x_wconf 85' lang='lat' dir='ltr'>quidem</span> <span class='ocrx_word' id='word_1_176' title='bbox 709 1305 775 1359; x_wconf 83' lang='lat' dir='ltr'>ipsi</span> <span class='ocrx_word' id='word_1_177' title='bbox 791 1308 858 1345; x_wconf 85' lang='lat' dir='ltr'>vix</span> <span class='ocrx_word' id='word_1_178' title='bbox 879 1307 1068 1358; x_wconf 85' lang='lat' dir='ltr'>integrum</span> <span class='ocrx_word' id='word_1_179' title='bbox 1090 1308 1302 1358; x_wconf 88' lang='lat' dir='ltr'>relinquat:</span> 
     </span>
     <span class='ocr_line' id='line_1_22' title="bbox 29 1358 1306 1413; baseline 0 -13"><span class='ocrx_word' id='word_1_180' title='bbox 29 1358 69 1403; x_wconf 76' lang='grc' dir='ltr'><em>οὗ</em></span> <span class='ocrx_word' id='word_1_181' title='bbox 85 1360 206 1410; x_wconf 80' lang='grc' dir='ltr'><em>μόνον,</em></span> <span class='ocrx_word' id='word_1_182' title='bbox 230 1360 352 1413; x_wconf 86' lang='lat' dir='ltr'>inquit</span> <span class='ocrx_word' id='word_1_183' title='bbox 366 1375 402 1412; x_wconf 84' lang='lat' dir='ltr'>p.</span> <span class='ocrx_word' id='word_1_184' title='bbox 417 1374 468 1412; x_wconf 94' lang='lat'>90</span> <span class='ocrx_word' id='word_1_185' title='bbox 483 1360 527 1399; x_wconf 89' lang='lat' dir='ltr'>B.</span> <span class='ocrx_word' id='word_1_186' title='bbox 548 1358 802 1413; x_wconf 74' lang='grc' dir='ltr'><em>οὔχἝλληνος</em></span> <span class='ocrx_word' id='word_1_187' title='bbox 825 1359 930 1399; x_wconf 72' lang='grc' dir='ltr'><em>’ὄντος</em></span> <span class='ocrx_word' id='word_1_188' title='bbox 949 1359 1036 1398; x_wconf 54' lang='lat' dir='ltr'>aas}</span> <span class='ocrx_word' id='word_1_189' title='bbox 1059 1359 1306 1412; x_wconf 67' lang='grc' dir='ltr'><em>προσήκοντος</em></span> 
     </span>
     <span class='ocr_line' id='line_1_23' title="bbox 29 1407 1304 1465; baseline -0.002 -11"><span class='ocrx_word' id='word_1_190' title='bbox 29 1409 133 1454; x_wconf 56' lang='grc' dir='ltr'><em>οὗέὲν</em></span> <span class='ocrx_word' id='word_1_191' title='bbox 146 1407 419 1454; x_wconf 50' lang='grc' dir='ltr'><em>τοῖςυΕλλησιν·</em></span> <span class='ocrx_word' id='word_1_192' title='bbox 435 1410 621 1453; x_wconf 58' lang='grc' dir='ltr'><em>ἀλλὀὖὸὲ</em></span> <span class='ocrx_word' id='word_1_193' title='bbox 635 1415 819 1465; x_wconf 64' lang='grc' dir='ltr'><em>Βαρβάρου</em></span> <span class='ocrx_word' id='word_1_194' title='bbox 833 1413 1005 1460; x_wconf 46' lang='lat' dir='ltr'>{maoz-v,</span> <span class='ocrx_word' id='word_1_195' title='bbox 1028 1414 1100 1454; x_wconf 71' lang='grc' dir='ltr'>&lt;οθεν</span> <span class='ocrx_word' id='word_1_196' title='bbox 1121 1417 1235 1452; x_wconf 61' lang='grc' dir='ltr'><em>καλὸν</em></span> <span class='ocrx_word' id='word_1_197' title='bbox 1252 1415 1304 1452; x_wconf 74' lang='grc' dir='ltr'>εἰ·</span> 
     </span>
     <span class='ocr_line' id='line_1_24' title="bbox 28 1466 1302 1520; baseline -0.002 -11"><span class='ocrx_word' id='word_1_198' title='bbox 28 1468 125 1509; x_wconf 80' lang='grc' dir='ltr'><em>πεῖν.</em></span> <span class='ocrx_word' id='word_1_199' title='bbox 142 1468 277 1520; x_wconf 86' lang='lat' dir='ltr'>Longe</span> <span class='ocrx_word' id='word_1_200' title='bbox 291 1479 438 1508; x_wconf 87' lang='lat' dir='ltr'>mutata</span> <span class='ocrx_word' id='word_1_201' title='bbox 459 1467 532 1507; x_wconf 85' lang='lat' dir='ltr'>fuit</span> <span class='ocrx_word' id='word_1_202' title='bbox 547 1480 676 1507; x_wconf 88' lang='lat' dir='ltr'>rerum</span> <span class='ocrx_word' id='word_1_203' title='bbox 692 1466 805 1507; x_wconf 86' lang='lat' dir='ltr'>facies</span> <span class='ocrx_word' id='word_1_204' title='bbox 817 1499 828 1515; x_wconf 89' lang='lat'>‚</span> <span class='ocrx_word' id='word_1_205' title='bbox 849 1467 1005 1520; x_wconf 86' lang='lat' dir='ltr'>quando</span> <span class='ocrx_word' id='word_1_206' title='bbox 1021 1468 1210 1507; x_wconf 88' lang='lat' dir='ltr'>Romanis</span> <span class='ocrx_word' id='word_1_207' title='bbox 1230 1468 1302 1507; x_wconf 93' lang='lat' dir='ltr'>ob-</span> 
     </span>
     <span class='ocr_line' id='line_1_25' title="bbox 29 1521 1303 1576; baseline 0 -15"><span class='ocrx_word' id='word_1_208' title='bbox 29 1522 206 1562; x_wconf 89' lang='lat' dir='ltr'>iiciebant</span> <span class='ocrx_word' id='word_1_209' title='bbox 219 1523 455 1562; x_wconf 85' lang='lat' dir='ltr'>Macedones</span> <span class='ocrx_word' id='word_1_210' title='bbox 467 1522 566 1575; x_wconf 86' lang='lat' dir='ltr'>apud</span> <span class='ocrx_word' id='word_1_211' title='bbox 580 1522 664 1562; x_wconf 90' lang='lat' dir='ltr'>Liv.</span> <span class='ocrx_word' id='word_1_212' title='bbox 682 1521 830 1569; x_wconf 79' lang='grc' dir='ltr'>ΧΧΧΙ,</span> <span class='ocrx_word' id='word_1_213' title='bbox 846 1536 910 1573; x_wconf 83' lang='lat'>29,</span> <span class='ocrx_word' id='word_1_214' title='bbox 925 1535 994 1561; x_wconf 88' lang='lat' dir='ltr'>eos</span> <span class='ocrx_word' id='word_1_215' title='bbox 1008 1523 1214 1576; x_wconf 70' lang='lat' dir='ltr'>alle1.⁷1&#39;ge7ms</span> <span class='ocrx_word' id='word_1_216' title='bbox 1229 1521 1303 1562; x_wconf 84' lang='lat' dir='ltr'>effe</span> 
     </span>
     <span class='ocr_line' id='line_1_26' title="bbox 30 1575 1305 1629; baseline -0.002 -12"><span class='ocrx_word' id='word_1_217' title='bbox 30 1577 71 1617; x_wconf 87' lang='lat'>&amp;</span> <span class='ocrx_word' id='word_1_218' title='bbox 84 1578 266 1626; x_wconf 78' lang='lat' dir='ltr'>barbaros,</span> <span class='ocrx_word' id='word_1_219' title='bbox 287 1592 364 1616; x_wconf 89' lang='lat' dir='ltr'>cum</span> <span class='ocrx_word' id='word_1_220' title='bbox 380 1577 501 1629; x_wconf 57' lang='lat' dir='ltr'>quibat</span> <span class='ocrx_word' id='word_1_221' title='bbox 516 1589 682 1615; x_wconf 81' lang='lat' dir='ltr'>aeternum</span> <span class='ocrx_word' id='word_1_222' title='bbox 697 1575 850 1614; x_wconf 64' lang='lat' dir='ltr'>omnibns</span> <span class='ocrx_word' id='word_1_223' title='bbox 869 1577 1012 1615; x_wconf 69' lang='lat' dir='ltr'>Graecis</span> <span class='ocrx_word' id='word_1_224' title='bbox 1026 1577 1145 1615; x_wconf 76' lang='lat' dir='ltr'>bellam</span> <span class='ocrx_word' id='word_1_225' title='bbox 1160 1579 1203 1629; x_wconf 82' lang='lat' dir='ltr'>est</span> <span class='ocrx_word' id='word_1_226' title='bbox 1223 1578 1305 1615; x_wconf 80' lang='lat' dir='ltr'>erit-</span> 
     </span>
     <span class='ocr_line' id='line_1_27' title="bbox 29 1629 1307 1683; baseline -0.002 -13"><span class='ocrx_word' id='word_1_227' title='bbox 29 1646 104 1683; x_wconf 86' lang='lat' dir='ltr'>que.</span> <span class='ocrx_word' id='word_1_228' title='bbox 119 1630 340 1671; x_wconf 84' lang='lat' dir='ltr'>Alexander</span> <span class='ocrx_word' id='word_1_229' title='bbox 354 1643 452 1670; x_wconf 92' lang='lat' dir='ltr'>vero</span> <span class='ocrx_word' id='word_1_230' title='bbox 467 1642 584 1683; x_wconf 88' lang='lat' dir='ltr'>quam</span> <span class='ocrx_word' id='word_1_231' title='bbox 606 1630 651 1669; x_wconf 90' lang='lat' dir='ltr'>ad</span> <span class='ocrx_word' id='word_1_232' title='bbox 665 1641 833 1680; x_wconf 77' lang='lat' dir='ltr'>unguem</span> <span class='ocrx_word' id='word_1_233' title='bbox 849 1629 1021 1668; x_wconf 84' lang='lat' dir='ltr'>calluerit</span> <span class='ocrx_word' id='word_1_234' title='bbox 1037 1631 1200 1669; x_wconf 89' lang='lat' dir='ltr'>Homeri</span> <span class='ocrx_word' id='word_1_235' title='bbox 1219 1643 1307 1670; x_wconf 88' lang='lat' dir='ltr'>car-</span> 
     </span>
     <span class='ocr_line' id='line_1_28' title="bbox 29 1683 1300 1738; baseline 0 -15"><span class='ocrx_word' id='word_1_236' title='bbox 29 1685 162 1733; x_wconf 86' lang='lat' dir='ltr'>mina,</span> <span class='ocrx_word' id='word_1_237' title='bbox 183 1698 369 1738; x_wconf 87' lang='lat' dir='ltr'>perquam</span> <span class='ocrx_word' id='word_1_238' title='bbox 389 1695 566 1724; x_wconf 88' lang='lat' dir='ltr'>accurate</span> <span class='ocrx_word' id='word_1_239' title='bbox 590 1684 705 1723; x_wconf 90' lang='lat' dir='ltr'>docet</span> <span class='ocrx_word' id='word_1_240' title='bbox 721 1683 832 1722; x_wconf 89' lang='lat' dir='ltr'>Dion</span> <span class='ocrx_word' id='word_1_241' title='bbox 854 1683 994 1734; x_wconf 83' lang='lat' dir='ltr'>Chrys.</span> <span class='ocrx_word' id='word_1_242' title='bbox 1012 1683 1084 1722; x_wconf 86' lang='lat' dir='ltr'>Or.</span> <span class='ocrx_word' id='word_1_243' title='bbox 1100 1684 1174 1732; x_wconf 84' lang='lat' dir='ltr'>lv,</span> <span class='ocrx_word' id='word_1_244' title='bbox 1193 1698 1230 1736; x_wconf 90' lang='lat' dir='ltr'>p.</span> <span class='ocrx_word' id='word_1_245' title='bbox 1250 1684 1300 1737; x_wconf 81' lang='lat'>65</span> 
     </span>
     <span class='ocr_line' id='line_1_29' title="bbox 29 1734 1306 1791; baseline -0.001 -13"><span class='ocrx_word' id='word_1_246' title='bbox 29 1737 77 1778; x_wconf 90' lang='lat' dir='ltr'>C.</span> <span class='ocrx_word' id='word_1_247' title='bbox 98 1738 113 1777; x_wconf 79' lang='grc' dir='ltr'>ὅ</span> <span class='ocrx_word' id='word_1_248' title='bbox 128 1739 172 1778; x_wconf 54' lang='grc' dir='ltr'>ἑὲ</span> <span class='ocrx_word' id='word_1_249' title='bbox 187 1739 430 1790; x_wconf 50' lang='grc' dir='ltr'><em>Ἀλέξανδρος</em></span> <span class='ocrx_word' id='word_1_250' title='bbox 442 1738 631 1791; x_wconf 71' lang='grc' dir='ltr'><em>μέγιστον</em></span> <span class='ocrx_word' id='word_1_251' title='bbox 646 1736 794 1788; x_wconf 73' lang='grc' dir='ltr'><em>ἐφρόνει,</em></span> <span class='ocrx_word' id='word_1_252' title='bbox 807 1736 864 1776; x_wconf 68' lang='grc' dir='ltr'>ὅτι</span> <span class='ocrx_word' id='word_1_253' title='bbox 880 1734 1071 1776; x_wconf 66' lang='grc' dir='ltr'><em>ἠπίστατο</em></span> <span class='ocrx_word' id='word_1_254' title='bbox 1084 1737 1151 1788; x_wconf 77' lang='grc' dir='ltr'><em>μὲν</em></span> <span class='ocrx_word' id='word_1_255' title='bbox 1167 1740 1208 1776; x_wconf 64' lang='grc' dir='ltr'>τὶ)</span> <span class='ocrx_word' id='word_1_256' title='bbox 1225 1736 1306 1777; x_wconf 80' lang='grc' dir='ltr'><em>ἕτε-</em></span> 
     </span>
     <span class='ocr_line' id='line_1_30' title="bbox 29 1789 1302 1846; baseline 0.001 -16"><span class='ocrx_word' id='word_1_257' title='bbox 29 1807 85 1846; x_wconf 80' lang='grc' dir='ltr'>ρον</span> <span class='ocrx_word' id='word_1_258' title='bbox 105 1793 256 1842; x_wconf 81' lang='grc' dir='ltr'><em>ποίημοι</em></span> <span class='ocrx_word' id='word_1_259' title='bbox 279 1793 358 1832; x_wconf 74' lang='grc' dir='ltr'><em>ὅλον</em></span> <span class='ocrx_word' id='word_1_260' title='bbox 379 1792 444 1832; x_wconf 75' lang='grc' dir='ltr'><em>τὴν</em></span> <span class='ocrx_word' id='word_1_261' title='bbox 467 1791 641 1840; x_wconf 55' lang='grc' dir='ltr'>Ἰλιάὸοι,</span> <span class='ocrx_word' id='word_1_262' title='bbox 665 1793 798 1829; x_wconf 69' lang='grc' dir='ltr'><em>πολλὰ.</em></span> <span class='ocrx_word' id='word_1_263' title='bbox 818 1790 864 1829; x_wconf 51' lang='grc' dir='ltr'>ἑὲ</span> <span class='ocrx_word' id='word_1_264' title='bbox 889 1791 952 1829; x_wconf 74' lang='grc' dir='ltr'><em>κοιὶ</em></span> <span class='ocrx_word' id='word_1_265' title='bbox 973 1789 1038 1831; x_wconf 62' lang='grc' dir='ltr'>τῆς</span> <span class='ocrx_word' id='word_1_266' title='bbox 1061 1791 1302 1831; x_wconf 69' lang='grc' dir='ltr'><em>ὈεΓυσο-είοις.</em></span> 
     </span>
     <span class='ocr_line' id='line_1_31' title="bbox 28 1843 1306 1898; baseline -0.002 -11"><span class='ocrx_word' id='word_1_267' title='bbox 28 1847 146 1887; x_wconf 89' lang='lat' dir='ltr'>Haud</span> <span class='ocrx_word' id='word_1_268' title='bbox 162 1847 316 1895; x_wconf 89' lang='lat' dir='ltr'>mirum,</span> <span class='ocrx_word' id='word_1_269' title='bbox 327 1845 536 1898; x_wconf 83' lang='lat' dir='ltr'>Odyffeam</span> <span class='ocrx_word' id='word_1_270' title='bbox 551 1845 730 1885; x_wconf 88' lang='lat' dir='ltr'>inferiore</span> <span class='ocrx_word' id='word_1_271' title='bbox 742 1843 849 1884; x_wconf 78' lang='lat' dir='ltr'>fuiffe</span> <span class='ocrx_word' id='word_1_272' title='bbox 865 1845 955 1884; x_wconf 90' lang='lat' dir='ltr'>loco</span> <span class='ocrx_word' id='word_1_273' title='bbox 969 1846 1069 1898; x_wconf 85' lang='lat' dir='ltr'>apud</span> <span class='ocrx_word' id='word_1_274' title='bbox 1083 1858 1226 1898; x_wconf 81' lang='lat' dir='ltr'>regem,</span> <span class='ocrx_word' id='word_1_275' title='bbox 1236 1847 1306 1898; x_wconf 84' lang='lat' dir='ltr'>qui</span> 
     </span>
     <span class='ocr_line' id='line_1_32' title="bbox 30 1898 1306 1953; baseline -0.001 -13"><span class='ocrx_word' id='word_1_276' title='bbox 30 1900 197 1941; x_wconf 85' lang='lat' dir='ltr'>Martem</span> <span class='ocrx_word' id='word_1_277' title='bbox 219 1914 263 1940; x_wconf 89' lang='lat' dir='ltr'>ac</span> <span class='ocrx_word' id='word_1_278' title='bbox 279 1901 376 1940; x_wconf 89' lang='lat' dir='ltr'>bella</span> <span class='ocrx_word' id='word_1_279' title='bbox 391 1899 573 1953; x_wconf 87' lang='lat' dir='ltr'>spirabat:</span> <span class='ocrx_word' id='word_1_280' title='bbox 595 1910 833 1953; x_wconf 87' lang='lat' dir='ltr'>quapropter</span> <span class='ocrx_word' id='word_1_281' title='bbox 849 1899 1000 1938; x_wconf 72' lang='lat' dir='ltr'>Iliadem</span> <span class='ocrx_word' id='word_1_282' title='bbox 1015 1898 1082 1938; x_wconf 67' lang='grc' dir='ltr'>τῆς</span> <span class='ocrx_word' id='word_1_283' title='bbox 1093 1898 1306 1949; x_wconf 66' lang='grc' dir='ltr'><em>πολεμικῆς</em></span> 
     </span>
     <span class='ocr_line' id='line_1_33' title="bbox 31 1953 1308 2008; baseline -0.002 -13"><span class='ocrx_word' id='word_1_284' title='bbox 31 1953 162 2008; x_wconf 67' lang='grc' dir='ltr'><em>ἀρετῆς</em></span> <span class='ocrx_word' id='word_1_285' title='bbox 183 1954 326 2000; x_wconf 60' lang='grc' dir='ltr'><em>ἑφόἓιον</em></span> <span class='ocrx_word' id='word_1_286' title='bbox 352 1955 417 1994; x_wconf 73' lang='grc' dir='ltr'>καὶ</span> <span class='ocrx_word' id='word_1_287' title='bbox 438 1954 583 2005; x_wconf 74' lang='grc' dir='ltr'><em>νομίζων</em></span> <span class='ocrx_word' id='word_1_288' title='bbox 597 1954 661 1992; x_wconf 69' lang='lat' dir='ltr'>nee}</span> <span class='ocrx_word' id='word_1_289' title='bbox 682 1954 860 2004; x_wconf 55' lang='grc' dir='ltr'><em>ὀνομάζων</em></span> <span class='ocrx_word' id='word_1_290' title='bbox 873 1954 1003 1998; x_wconf 67' lang='grc' dir='ltr'><em>ἔλαβεν</em></span> <span class='ocrx_word' id='word_1_291' title='bbox 1019 1953 1086 2003; x_wconf 81' lang='grc' dir='ltr'><em>μὲν</em></span> <span class='ocrx_word' id='word_1_292' title='bbox 1099 1954 1308 2005; x_wconf 77' lang='grc' dir='ltr'><em>Ἀριστοτέ-</em></span> 
     </span>
     <span class='ocr_line' id='line_1_34' title="bbox 29 2004 1307 2061; baseline -0.002 -13"><span class='ocrx_word' id='word_1_293' title='bbox 29 2019 117 2048; x_wconf 80' lang='grc' dir='ltr'><em>λους</em></span> <span class='ocrx_word' id='word_1_294' title='bbox 132 2007 413 2061; x_wconf 53' lang='grc' dir='ltr'><em>διορθώσαντος,</em></span> <span class='ocrx_word' id='word_1_295' title='bbox 437 2007 476 2048; x_wconf 67' lang='grc' dir='ltr'><em>ἣν</em></span> <span class='ocrx_word' id='word_1_296' title='bbox 496 2007 537 2046; x_wconf 70' lang='grc' dir='ltr'>ἐκ</span> <span class='ocrx_word' id='word_1_297' title='bbox 551 2005 618 2046; x_wconf 67' lang='grc' dir='ltr'><em>τοῦ</em></span> <span class='ocrx_word' id='word_1_298' title='bbox 640 2006 806 2058; x_wconf 71' lang='grc' dir='ltr'><em>νάρθηκος</em></span> <span class='ocrx_word' id='word_1_299' title='bbox 831 2005 1019 2046; x_wconf 63' lang='grc' dir='ltr'><em>καλοῦσιν·</em></span> <span class='ocrx_word' id='word_1_300' title='bbox 1049 2004 1159 2059; x_wconf 67' lang='grc' dir='ltr'><em>εἶχεν</em></span> <span class='ocrx_word' id='word_1_301' title='bbox 1183 2007 1228 2046; x_wconf 53' lang='grc' dir='ltr'>δὲ</span> <span class='ocrx_word' id='word_1_302' title='bbox 1247 2007 1307 2046; x_wconf 74' lang='grc' dir='ltr'>ἀεὶ</span> 
     </span>
     <span class='ocr_line' id='line_1_35' title="bbox 29 2052 1307 2117; baseline 0.001 -17"><span class='ocrx_word' id='word_1_303' title='bbox 29 2064 135 2112; x_wconf 64' lang='grc' dir='ltr'>μετὰ</span> <span class='ocrx_word' id='word_1_304' title='bbox 154 2061 222 2102; x_wconf 69' lang='grc' dir='ltr'><em>τοῦ</em></span> <span class='ocrx_word' id='word_1_305' title='bbox 243 2052 478 2117; x_wconf 48' lang='grc' dir='ltr'><em>ἑγχειριέίου</em></span> <span class='ocrx_word' id='word_1_306' title='bbox 492 2060 656 2112; x_wconf 75' lang='grc' dir='ltr'><em>κειμένην</em></span> <span class='ocrx_word' id='word_1_307' title='bbox 668 2057 741 2100; x_wconf 63' lang='grc' dir='ltr'>ὑπὸ</span> <span class='ocrx_word' id='word_1_308' title='bbox 757 2064 800 2098; x_wconf 71' lang='grc' dir='ltr'><em>το</em></span> <span class='ocrx_word' id='word_1_309' title='bbox 814 2061 1128 2111; x_wconf 69' lang='grc' dir='ltr'><em>προσκεφάλαιον,</em></span> <span class='ocrx_word' id='word_1_310' title='bbox 1142 2057 1190 2100; x_wconf 66' lang='grc' dir='ltr'>(ὃς</span> <span class='ocrx_word' id='word_1_311' title='bbox 1204 2062 1307 2102; x_wconf 81' lang='lat' dir='ltr'>’Ovn-</span> 
     </span>
     <span class='ocr_line' id='line_1_36' title="bbox 32 2114 1308 2168; baseline -0.001 -12"><span class='ocrx_word' id='word_1_312' title='bbox 32 2115 422 2168; x_wconf 67' lang='grc' dir='ltr'><em>σικράτηςὶστὸρηκεν.</em></span> <span class='ocrx_word' id='word_1_313' title='bbox 450 2116 559 2156; x_wconf 87' lang='lat' dir='ltr'>Haec</span> <span class='ocrx_word' id='word_1_314' title='bbox 574 2114 764 2155; x_wconf 88' lang='lat' dir='ltr'>Plutarch.</span> <span class='ocrx_word' id='word_1_315' title='bbox 782 2115 821 2153; x_wconf 89' lang='lat' dir='ltr'>in</span> <span class='ocrx_word' id='word_1_316' title='bbox 835 2115 948 2155; x_wconf 86' lang='lat' dir='ltr'>Alex.</span> <span class='ocrx_word' id='word_1_317' title='bbox 962 2129 999 2167; x_wconf 90' lang='lat' dir='ltr'>p.</span> <span class='ocrx_word' id='word_1_318' title='bbox 1011 2115 1087 2155; x_wconf 83' lang='lat'>668</span> <span class='ocrx_word' id='word_1_319' title='bbox 1103 2115 1156 2154; x_wconf 92' lang='lat' dir='ltr'>D.</span> <span class='ocrx_word' id='word_1_320' title='bbox 1177 2116 1216 2155; x_wconf 77' lang='grc' dir='ltr'>δι</span> <span class='ocrx_word' id='word_1_321' title='bbox 1228 2116 1308 2155; x_wconf 88' lang='lat' dir='ltr'>Eu-</span> 
     </span>
     <span class='ocr_line' id='line_1_37' title="bbox 31 2168 698 2221; baseline -0.001 -12"><span class='ocrx_word' id='word_1_322' title='bbox 31 2168 140 2209; x_wconf 82' lang='lat' dir='ltr'>flath.</span> <span class='ocrx_word' id='word_1_323' title='bbox 154 2171 192 2209; x_wconf 88' lang='lat' dir='ltr'>in</span> <span class='ocrx_word' id='word_1_324' title='bbox 206 2170 384 2210; x_wconf 87' lang='lat' dir='ltr'>Prooem.</span> <span class='ocrx_word' id='word_1_325' title='bbox 406 2183 442 2221; x_wconf 89' lang='lat' dir='ltr'>p.</span> <span class='ocrx_word' id='word_1_326' title='bbox 470 2183 501 2208; x_wconf 91' lang='lat'>1.</span> <span class='ocrx_word' id='word_1_327' title='bbox 532 2170 698 2208; x_wconf 76' lang='lat' dir='ltr'>HEMST.</span> 
     </span>
    </p>

    <p class='ocr_par' dir='ltr' id='par_1_4' title="bbox 32 2221 1311 2547">
     <span class='ocr_line' id='line_1_38' title="bbox 86 2221 1309 2275; baseline 0 -13"><span class='ocrx_word' id='word_1_328' title='bbox 86 2227 160 2262; x_wconf 83' lang='lat' dir='ltr'>ead.</span> <span class='ocrx_word' id='word_1_329' title='bbox 176 2224 200 2266; x_wconf 84' lang='lat' dir='ltr'>I.</span> <span class='ocrx_word' id='word_1_330' title='bbox 222 2238 280 2264; x_wconf 87' lang='lat'>10.</span> <span class='ocrx_word' id='word_1_331' title='bbox 303 2222 523 2275; x_wconf 63' lang='grc' dir='ltr'>Ῥειψῳὸὦν)</span> <span class='ocrx_word' id='word_1_332' title='bbox 541 2224 652 2262; x_wconf 89' lang='lat' dir='ltr'>Hanc</span> <span class='ocrx_word' id='word_1_333' title='bbox 667 2221 872 2262; x_wconf 62' lang='lat' dir='ltr'>lectionem</span> <span class='ocrx_word' id='word_1_334' title='bbox 895 2222 933 2261; x_wconf 90' lang='lat' dir='ltr'>in</span> <span class='ocrx_word' id='word_1_335' title='bbox 951 2221 1029 2262; x_wconf 90' lang='lat' dir='ltr'>sola</span> <span class='ocrx_word' id='word_1_336' title='bbox 1050 2222 1164 2262; x_wconf 87' lang='lat' dir='ltr'>Salm.</span> <span class='ocrx_word' id='word_1_337' title='bbox 1179 2223 1309 2262; x_wconf 89' lang='lat' dir='ltr'>Bene-</span> 
     </span>
     <span class='ocr_line' id='line_1_39' title="bbox 33 2276 1308 2332; baseline -0.003 -12"><span class='ocrx_word' id='word_1_338' title='bbox 33 2277 158 2320; x_wconf 61' lang='lat' dir='ltr'>dietus</span> <span class='ocrx_word' id='word_1_339' title='bbox 172 2278 364 2332; x_wconf 85' lang='lat' dir='ltr'>expreffit,</span> <span class='ocrx_word' id='word_1_340' title='bbox 381 2290 513 2331; x_wconf 86' lang='lat' dir='ltr'>quam,</span> <span class='ocrx_word' id='word_1_341' title='bbox 529 2277 617 2317; x_wconf 83' lang='lat' dir='ltr'>licet</span> <span class='ocrx_word' id='word_1_342' title='bbox 632 2276 862 2317; x_wconf 63' lang='lat' dir='ltr'>auaoritate</span> <span class='ocrx_word' id='word_1_343' title='bbox 879 2277 1188 2316; x_wconf 86' lang='lat' dir='ltr'>membranarum</span> <span class='ocrx_word' id='word_1_344' title='bbox 1200 2276 1308 2316; x_wconf 86' lang='lat' dir='ltr'>desti-</span> 
     </span>
     <span class='ocr_line' id='line_1_40' title="bbox 32 2330 1311 2382; baseline -0.003 -8"><span class='ocrx_word' id='word_1_345' title='bbox 32 2340 180 2378; x_wconf 83' lang='lat' dir='ltr'>tuatur,</span> <span class='ocrx_word' id='word_1_346' title='bbox 195 2333 333 2372; x_wconf 81' lang='lat' dir='ltr'>decora</span> <span class='ocrx_word' id='word_1_347' title='bbox 346 2331 620 2372; x_wconf 84' lang='lat' dir='ltr'>construendae</span> <span class='ocrx_word' id='word_1_348' title='bbox 634 2331 820 2371; x_wconf 85' lang='lat' dir='ltr'>orationis</span> <span class='ocrx_word' id='word_1_349' title='bbox 841 2330 902 2370; x_wconf 83' lang='lat' dir='ltr'>lex</span> <span class='ocrx_word' id='word_1_350' title='bbox 922 2331 1187 2370; x_wconf 82' lang='lat' dir='ltr'>commendat:</span> <span class='ocrx_word' id='word_1_351' title='bbox 1213 2344 1311 2382; x_wconf 85' lang='lat' dir='ltr'>qua-</span> 
     </span>
     <span class='ocr_line' id='line_1_41' title="bbox 33 2384 1309 2439; baseline -0.002 -14"><span class='ocrx_word' id='word_1_352' title='bbox 33 2397 194 2439; x_wconf 89' lang='lat' dir='ltr'>propter</span> <span class='ocrx_word' id='word_1_353' title='bbox 214 2399 298 2426; x_wconf 89' lang='lat' dir='ltr'>eam</span> <span class='ocrx_word' id='word_1_354' title='bbox 314 2387 494 2439; x_wconf 86' lang='lat' dir='ltr'>adoptare</span> <span class='ocrx_word' id='word_1_355' title='bbox 510 2398 592 2424; x_wconf 91' lang='lat' dir='ltr'>non</span> <span class='ocrx_word' id='word_1_356' title='bbox 605 2384 686 2424; x_wconf 90' lang='lat' dir='ltr'>sum</span> <span class='ocrx_word' id='word_1_357' title='bbox 703 2386 859 2424; x_wconf 86' lang='lat' dir='ltr'>veritus.</span> <span class='ocrx_word' id='word_1_358' title='bbox 878 2385 921 2423; x_wconf 88' lang='lat' dir='ltr'>F.</span> <span class='ocrx_word' id='word_1_359' title='bbox 935 2386 976 2424; x_wconf 83' lang='lat'>&amp;</span> <span class='ocrx_word' id='word_1_360' title='bbox 988 2386 1019 2424; x_wconf 90' lang='lat' dir='ltr'>I.</span> <span class='ocrx_word' id='word_1_361' title='bbox 1039 2385 1180 2423; x_wconf 88' lang='lat' dir='ltr'>habent</span> <span class='ocrx_word' id='word_1_362' title='bbox 1195 2384 1309 2436; x_wconf 59' lang='grc' dir='ltr'>ἐρειψ-</span> 
     </span>
     <span class='ocr_line' id='line_1_42' title="bbox 35 2437 1309 2492; baseline -0.001 -15"><span class='ocrx_word' id='word_1_363' title='bbox 35 2439 227 2485; x_wconf 59' lang='grc' dir='ltr'><em>ώὸουνᾺι</em></span> <span class='ocrx_word' id='word_1_364' title='bbox 238 2471 243 2478; x_wconf 97' lang='grc'><strong><em>.</em></strong></span> <span class='ocrx_word' id='word_1_365' title='bbox 255 2441 298 2478; x_wconf 93' lang='lat' dir='ltr'><em>H</em></span> <span class='ocrx_word' id='word_1_366' title='bbox 304 2454 317 2478; x_wconf 93' lang='lat'>1</span> <span class='ocrx_word' id='word_1_367' title='bbox 326 2472 333 2479; x_wconf 93' lang='lat'>.</span> <span class='ocrx_word' id='word_1_368' title='bbox 342 2441 378 2476; x_wconf 91' lang='lat' dir='ltr'><em>V</em></span> <span class='ocrx_word' id='word_1_369' title='bbox 377 2455 411 2479; x_wconf 91' lang='lat'>2.</span> <span class='ocrx_word' id='word_1_370' title='bbox 425 2437 652 2490; x_wconf 56' lang='lat' dir='ltr'>{pxssqsssovn</span> <span class='ocrx_word' id='word_1_371' title='bbox 665 2440 736 2477; x_wconf 82' lang='lat' dir='ltr'>B2.</span> <span class='ocrx_word' id='word_1_372' title='bbox 749 2439 794 2477; x_wconf 85' lang='lat' dir='ltr'>P.</span> <span class='ocrx_word' id='word_1_373' title='bbox 806 2439 942 2479; x_wconf 84' lang='lat' dir='ltr'>melius</span> <span class='ocrx_word' id='word_1_374' title='bbox 957 2437 1208 2492; x_wconf 55' lang='grc' dir='ltr'><em>ἑῤῥκψῴθουν·</em></span> <span class='ocrx_word' id='word_1_375' title='bbox 1221 2451 1309 2490; x_wconf 84' lang='lat' dir='ltr'>por-</span> 
     </span>
     <span class='ocr_line' id='line_1_43' title="bbox 33 2492 810 2547; baseline -0.004 -12"><span class='ocrx_word' id='word_1_376' title='bbox 33 2504 182 2536; x_wconf 87' lang='lat' dir='ltr'>tentum</span> <span class='ocrx_word' id='word_1_377' title='bbox 195 2494 294 2534; x_wconf 86' lang='lat' dir='ltr'>dedit</span> <span class='ocrx_word' id='word_1_378' title='bbox 306 2494 358 2534; x_wconf 81' lang='lat' dir='ltr'>A.</span> <span class='ocrx_word' id='word_1_379' title='bbox 374 2492 614 2547; x_wconf 57' lang='lat' dir='ltr'>{fissxdscofflm</span> <span class='ocrx_word' id='word_1_380' title='bbox 641 2493 810 2533; x_wconf 54' lang='lat' dir='ltr'>Ham,</span> 
     </span>
    </p>
   </div>
  </div>
 </body>
</html>
