1748 3420
148 205 237 249 IN
282 191 724 248 DIALOGOS
773 201 1164 249 MARINOS.
1215 204 1307 268 367

43 291 166 332 Strab.
181 293 291 339 VIII,
308 307 398 347 371,
412 293 504 333 Plin.
520 294 592 340 IV,
613 307 646 344 ς,
660 292 700 332 &
716 292 871 332 Pausan.
885 292 977 333 Cor.
992 308 1056 346 79,
1071 308 1131 346 34.
1147 293 1309 333 SOLAN.

100 349 171 384 ead.
187 348 212 386 l.
237 361 268 399 5.
289 344 539 400 Ἀναὲοθῆνιιὴ
557 348 668 393 Fuit,
685 360 772 386 cum
798 348 890 385 mihi
913 348 1106 386 videretur
1131 347 1311 400 scripsiffe

45 397 245 490 ἕναὸὗναι.
274 400 337 439 sic
350 400 457 440 Dion
471 400 610 453 Chrys.
622 402 672 454 69
686 400 831 452 Aarn‘y
839 398 879 440 ἧς
893 400 1019 453 ἐγγὺς
1032 400 1305 441 ἀνοιὲιέοὑσιις.

73 462 202 491 OLAN.

98 506 176 544 ibid.
188 505 381 558 Πατάξας
393 506 441 557 τῇ
453 506 608 560 τριαίνῃ)
625 505 773 546 callim.
792 506 915 557 Hym.
938 506 1055 546 Iovis.
1072 505 1218 559 Πλιῖξεν
1231 507 1308 559 ’όρσς

44 557 220 612 σκήπτρῳ
234 560 309 600 διε.
333 561 505 600 BOURD.
529 560 672 599 Similia
699 558 810 598 finxit
832 560 1092 599 Callimachus
1114 562 1165 600 H.
1189 562 1225 598 in
1241 561 1307 600 lo-

45 624 134 650 vem
145 643 157 661 ‚
176 613 240 652 ubi
258 614 366 653 Rhea
380 616 419 653 in
432 613 619 653 siticulosa
632 624 725 652 tunc
739 615 924 665 temporis
937 643 950 660 ‚
975 624 1018 652 ut
1032 616 1082 652 ait
1096 644 1106 661 ‚
1121 615 1306 662 Arcadia,

45 664 108 704 sed
125 665 296 706 laticibus
316 667 439 714 foeta,
457 666 599 718 Πλιῖξεν
613 665 688 719 ’ὄρος
709 665 895 718 σκήπτρῳ·
910 670 954 705 τὶ)
971 667 1016 705 Σὲ
1030 667 1057 705 οἱ
1069 667 1173 719 Σιχει
1187 667 1310 707 πουλὺ

45 718 182 759 ὃιέστιι
194 749 204 766 ,
223 721 283 758 Ἐκ
299 720 338 759 δ’
350 720 461 773 ἔχεεν
474 721 586 774 μέγα
598 719 736 772 χεῦμα,
755 743 799 749 -
821 720 982 770 Percuffit
994 733 1134 759 montem
1151 719 1282 772 sceptro
1296 736 1308 759 .·

43 773 153 812 atille
165 776 194 811 ei
207 775 346 813 multum
361 775 491 826 divifits
506 777 566 827 est,
581 775 616 812 δ’
629 774 747 826 efficdit
758 787 915 824 magnum
920 778 1071 826 fluxum.
1087 773 1145 813 Sic
1160 772 1212 812 est
1226 787 1311 812 ver-

47 827 203 865 tendum
214 857 228 873 ,
241 840 320 867 non
334 840 375 867 ut
387 828 524 879 vulgo,
536 829 666 866 duobus
679 828 761 866 locis
770 828 910 866 multum
923 827 1080 879 diftfft:
1102 840 1189 865 nam
1201 827 1312 879 Σίχα.

47 878 182 919 διέστη
195 880 248 919 est
259 911 271 926 ‚
285 882 414 933 divisus
430 884 472 934 est
485 882 521 919 in
535 884 622 920 duas
632 893 759 934 partes,
773 893 851 919 non
865 882 901 919 in
917 883 1045 920 duobus
1060 882 1156 919 locis.
1168 880 1309 926 Miror,

45 932 123 973 hoc
137 946 215 973 non
231 933 338 973 fuiffe
349 937 386 974 in
399 934 563 974 editione
576 934 825 973 Ultraieffina
844 935 1099 973 emendatum.
1125 933 1254 972 CLER.

102 990 176 1027 ead.
194 987 218 1026 l.
233 1002 268 1038 7.
290 987 385 1028 Μόνη
398 988 491 1041 &c.)
511 988 710 1040 Scripfitne
727 988 801 1027 hoc
817 999 964 1040 praeter
976 988 1190 1026 Lucianum
1211 986 1310 1026 alius

46 1040 275 1094 quisquam?
299 1042 506 1094 Nauplium
522 1055 570 1080 ex
592 1054 641 1080 eo
654 1042 862 1080 concubitu
883 1041 1040 1093 peperit.
1053 1040 1310 1093 Apollod.11,

49 1109 86 1148 p.
101 1109 162 1147 34,
174 1095 212 1133 ὅ(
226 1094 382 1134 Pausan.
399 1109 432 1147 p.
449 1096 513 1141 80,
528 1109 587 1142 24.
603 1095 711 1134 cuius
725 1094 845 1134 filium
858 1093 967 1134 fuisse
979 1093 1213 1133 Palamedem
1228 1095 1310 1146 qui-

48 1150 136 1187 dam
150 1147 350 1196 tradidere,
365 1162 467 1202 quos
486 1148 762 1201 ἀναχρονισμοῦ
778 1150 902 1201 arguit
914 1148 1050 1188 Strabo
1062 1147 1172 1197 vm,
1186 1162 1221 1202 p.
1233 1148 1310 1201 368

49 1201 103 1241 D.
127 1201 284 1241 SoLAN.

102 1257 175 1294 ead.
189 1256 212 1294 l.
232 1269 290 1308 19.
315 1255 520 1305 Δάμαλιν)
541 1255 644 1294 Vide
662 1254 776 1307 supra
793 1259 830 1294 35.
852 1263 898 1294 Δ.
916 1254 982 1294 111.
1003 1254 1161 1294 SOLAN.

98 1311 172 1348 ead.
187 1309 212 1347 l.
230 1322 290 1348 20.
317 1308 551 1362 Διεκὸρησεν)
573 1309 633 1348 Sic
649 1309 855 1348 DiakXHl
867 1338 877 1356 ‚
900 1309 940 1348 δι
955 1308 979 1347 s.
996 1307 1224 1361 Σιακορεὺειν
1242 1308 1309 1350 τὴν

48 1362 165 1413 κόρην,
179 1361 404 1413 θιαφθειρειν·
417 1363 699 1415 &attempta-‘mi
711 1392 721 1409 ‚
739 1363 1083 1415 διαπαρθενεύεται.
1101 1363 1311 1409 deflorare,

48 1417 314 1468 devirginare,
331 1416 596 1464 dehonestare,
614 1427 657 1455 ut
678 1416 765 1455 alibi
783 1416 964 1455 dicemus.
982 1417 1156 1455 BOURD.
1178 1417 1310 1456 Lucia-

48 1472 87 1509 ni
113 1482 254 1508 nomen
271 1469 395 1508 omisit
413 1471 506 1509 haec
523 1471 642 1509 verba
657 1469 853 1523 proferens
865 1470 916 1508 H.
934 1470 1111 1522 Stephan.
1125 1471 1161 1509 in
1176 1470 1251 1509 Th.
1265 1471 1310 1509 L.

50 1523 101 1563 G.
117 1522 237 1570 T.11‚
252 1537 288 1575 p.
307 1536 394 1575 375.
420 1525 509 1562 Vid.
529 1523 633 1563 Suid.
648 1525 684 1562 in
699 1522 995 1576 Διοικεκορῆσῧοιι
1017 1524 1057 1564 &
1071 1523 1313 1577 Διοικοριῖσοιιῖ

48 1577 117 1617 ubi
140 1576 192 1616 est
206 1576 432 1616 Scholiastae
452 1577 659 1628 διατεμεῖν.
691 1578 852 1616 HEMST.

115 1631 151 1669 in
164 1631 280 1670 Schol.
296 1632 359 1670 col.
378 1645 412 1669 2.
427 1632 450 1669 l.
468 1646 501 1684 3.
515 1630 798 1684 Διεχθὴσοιντο)
814 1630 922 1682 Quid
937 1630 982 1670 fit
1000 1629 1125 1684 ἓιεχθ.
1145 1630 1314 1684 ingenue⁴

49 1681 189 1731 fateor,
202 1683 340 1724 nescio.
363 1684 417 1723 At
429 1684 627 1724 certiffime
641 1685 840 1736 legendum
853 1683 1124 1737 διεχρήσαντο,
1140 1684 1312 1735 interfice·

49 1751 138 1777 runt.
161 1737 252 1777 Ideo
264 1739 442 1777 nimirum
456 1739 563 1791 quod
577 1740 840 1778 interfecerant
852 1740 1009 1778 maritos
1021 1737 1122 1787 suos,
1137 1739 1236 1791 apud
1250 1740 1312 1777 in-

47 1789 153 1831 feros
165 1805 303 1844 aquam
321 1793 359 1830 in
375 1791 571 1845 pertusum
590 1793 761 1845 ingerere
775 1793 918 1831 dolium
936 1793 1148 1832 debuerunt
1165 1792 1312 1832 Danai-

50 1845 135 1885 des:
156 1844 282 1885 fabula
296 1845 495 1885 notiffima.
513 1846 586 1885 Sed
596 1846 637 1885 &
647 1858 757 1885 antea
767 1846 968 1899 legendum
983 1847 1083 1886 haud
1095 1847 1209 1885 dubie
1229 1842 1311 1897 ὑέρ.

51 1898 104 1938 εἰς
125 1900 397 1950 τετρυπημένον
421 1899 536 1945 πίθον,
557 1912 638 1938 non
659 1900 903 1952 τετριμμένον.
928 1901 1037 1940 Talis
1061 1901 1162 1939 enim
1185 1897 1310 1939 fertur

51 1950 272 1992 Danaidum
286 1952 348 1992 ille
365 1951 480 1998 πίθος,
487 1953 658 2005 pertusus,
668 1954 881 2005 perforatus:
899 1955 1106 2006 eademque
1121 1953 1213 1992 haec
1228 1966 1310 1992 vox

10 2010 13 2011 ⁷
52 2006 323 2058 τετρυπημένος
336 2008 457 2060 vulgo
471 2008 516 2046 de
529 2007 603 2046 hoc
616 2007 720 2047 dolio
733 2007 956 2066 usurpatum
971 2020 1014 2047 ut
1027 2008 1075 2046 ab
1088 2006 1168 2058 ipso
1181 2007 1311 2046 Lucia·

52 2072 107 2099 no
123 2059 274 2099 inDial.
287 2061 406 2099 Mort.
422 2061 499 2106 XI,
513 2060 556 2099 αἱ
571 2059 640 2099 τοῦ
653 2067 799 2100 Δοινοιου
814 2061 977 2113 παρθένοι
995 2061 1030 2100 ἐς
1047 2063 1107 2099 τὸν
1126 2074 1311 2112 τετρυπηε

49 2114 156 2164 μένον
170 2112 270 2153 πίθον
282 2114 553 2153 ἐπαντλοῦσαι.
565 2113 670 2153 IENS.
690 2115 732 2153 In
747 2114 817 2153 Ms.
827 2128 906 2154 erat
918 2113 1182 2169 «Ριεχθιὸσαντο,
1191 2114 1310 2166 quod,

53 2178 236 2207 monente
249 2167 429 2207 cLIenfio
439 2199 449 2216 ‚
464 2169 712 2208 mutavimus.
735 2169 810 2208 Pro
823 2183 1059 2220 τετριμμενον
1086 2167 1111 2207 f.
1128 2182 1312 2220 ‘terpvvrn-

52 2221 169 2272 μένον.
186 2221 232 2260 C.
248 2218 474 2273 τετρήμενον.
490 2222 649 2262 SOLAN.
665 2221 741 2261 Etsi
760 2222 1009 2274 ὃιεχθιισαντο
1025 2221 1218 2261 Graecum
1232 2220 1275 2260 s1t
1290 2235 1313 2261 a

55 2275 179 2314 verbo
188 2273 456 2326 ἓιεχθέινομοιι,
468 2276 715 2316 nihilominus
727 2276 958 2316 veriffimum
974 2275 1026 2315 est
1035 2275 1144 2314 Ienfii
1156 2275 1270 2328 Σιεχρ
1277 2275 1314 2315 ιἰ-

56 2341 183 2367 σαντα.
202 2329 291 2367 Vid.
304 2328 398 2368 Poll.
415 2330 489 2375 IX,
509 2343 600 2382 153,
615 2330 657 2369 δι
671 2331 805 2369 Notas.
819 2335 1046 2381 Τετρημενον,
1062 2329 1167 2381 quod
1180 2330 1312 2368 relcri·

57 2379 127 2434 pfi,
140 2382 303 2434 propius
318 2383 475 2429 accedit,
490 2396 606 2435 quam
616 2386 892 2436 τετρυπημένον·
907 2383 1127 2423 Danaidum
1140 2381 1239 2420 πιθος
1251 2397 1313 2420 τερ

58 2435 229 2485 τρημένος
245 2436 523 2488 vulgatiffimus
538 2437 638 2490 apud
656 2448 821 2477 veteres:
832 2437 921 2476 Plat.
935 2437 972 2475 in
983 2437 1104 2488 Gorg.
1119 2451 1154 2488 p.
1171 2450 1212 2488 33
1222 2435 1244 2473 6
1258 2435 1314 2475 D.

59 2486 220 2530 Aristot.
233 2488 430 2540 Polit.V1,
448 2504 485 2544 p.
506 2491 594 2544 176,
611 2490 763 2540 Oecon.
777 2491 814 2542 I,
830 2505 865 2545 p.
886 2505 978 2544 234,
993 2490 1136 2531 Zenob.
1153 2488 1309 2537 C.11‚n,
