1748 3420
436 233 528 281 350
634 210 1506 262 ANNOTATIONES

429 305 553 358 prime
566 299 718 341 faciens.
733 299 850 340 Ovid.
865 299 1233 352 Metamorphoseon
1249 301 1363 350 XIII,
1377 301 1465 354 834.
1486 302 1708 344 Somnus:

486 358 558 394 ead.
573 356 596 394 l.
614 368 672 403 14.
695 354 873 405 Κινάβρας
891 353 1067 405 ἀπόζων)
1081 353 1142 394 Sic
1157 353 1408 412 philosophus
1423 357 1635 396 Lucianeus
1649 371 1704 395 ›u-

433 409 570 461 νέεβραν
588 407 814 458 ἀποθέμενος
837 407 939 447 Dial.
962 408 1018 446 M.
1044 408 1102 452 X,
1120 407 1137 456 §
1160 407 1197 446 8.
1219 408 1279 447 Sic
1293 409 1465 461 κινάβρας
1477 410 1703 462 ἀπόζοντα,

434 463 534 503 Dial.
551 462 664 514 ἑταιρ.
679 462 874 513 Κιναβρας,
890 460 1066 500 sumeris»
1080 460 1153 500 τῶν
1172 462 1332 515 τράγων.
1351 461 1519 514 Hesych.
1535 465 1696 517 Interpr.

432 516 632 570 Aristoph.
648 517 693 554 ad
707 515 797 555 illud
807 515 900 554 Plut.
911 514 1032 568 Αἰγῶν
1043 528 1086 553 τε
1103 516 1347 565 κιναβρώντων
1361 517 1472 564 μέλη,
1488 518 1572 558 vult
1585 519 1702 558 etiam

434 571 609 623 κινάβραν
633 569 708 610 effe
729 568 801 608 τῶν
817 568 1016 622 μαχαλῶν
1038 567 1244 607 θυσωέιάν.
1267 570 1365 608 Valle
1381 568 1449 621 sub
1466 571 1597 611 alarum
1620 583 1704 611 trux

437 625 592 663 hahitare
605 638 711 675 caper.
725 618 907 676 ιίιναβρας.
922 621 1061 662 Camil.
1078 623 1250 662 BOURD.

490 679 581 729 Pag.
594 693 656 731 94.
669 679 692 716 l.
707 692 740 716 2.
752 675 797 713 Ὠ
814 676 963 728 πάτερ)
980 676 1056 714 Hic
1071 675 1174 715 Dial.
1188 689 1235 716 ex
1250 677 1442 716 Homero.
1456 677 1632 718 BOURD.

488 735 560 770 ead.
577 733 600 770 l.
615 725 753 782 7.”Εξω
766 724 803 771 ἦν
815 730 963 782 βέλους)
982 730 1021 767 [η
1036 742 1107 768 tuto
1117 758 1128 775 ,
1142 730 1288 781 citraque
1297 730 1490 782 periculum.
1510 733 1600 772 Hoc
1611 742 1707 786 prod

434 787 611 824 verbium
634 784 813 837 frequens
824 783 876 823 est
895 785 994 836 apud
1009 783 1218 823 Lucianum
1232 785 1270 823 in
1286 785 1380 824 Vot.
1400 785 1440 823 in
1462 785 1641 835 Baccho,
1662 789 1704 828 in

436 838 542 879 Dial.
559 840 661 878 Ven.
676 839 712 877 δι
729 837 937 891 Cupidinis.
950 837 1098 876 COGN.

487 895 560 932 cad.
578 895 601 932 l.
620 907 678 941 14.
690 893 790 931 Ἐπεὶ
813 891 858 930 ἑὲ
882 889 1018 936 ἔθηκα)
1044 891 1166 942 Lege,
1182 901 1225 930 ut
1246 890 1344 931 bene
1364 890 1502 931 Codex
1524 892 1708 945 antiquus

436 960 527 998 prae
539 946 576 986 se
591 946 684 991 fert,
698 946 781 985 ἐπεὶ
804 948 888 998 ’γᾶς
908 944 1070 983 ἐπέθηκα
1086 943 1133 993 τῆ
1146 943 1239 996 ὃὺρα
1254 948 1298 983 τὸ
1313 944 1473 995 πτῶμα.
1487 945 1589 986 Dein
1606 947 1706 988 idem

436 1000 532 1040 liber
548 1000 685 1054 procul
699 1000 816 1039 dubio
830 997 966 1038 reffius
982 1011 1053 1050 pro
1067 998 1226 1050 vulgato
1240 999 1611 1046 έπιβουλευτότατος,
1625 1000 1707 1041 scri·

437 1053 495 1093 bit
510 1054 818 1099 ἑπιβουλότατος·
842 1052 892 1091 sic
911 1054 950 1091 &
969 1052 1069 1104 apud
1084 1051 1217 1103 Synes.
1233 1052 1528 1098 ἐπιβουλότατον
1544 1053 1605 1093 sed
1617 1055 1710 1096 alibi-

439 1121 604 1159 quoque
619 1108 718 1159 apud
732 1107 942 1146 Lucianum
960 1105 1036 1144 hoc
1048 1106 1285 1145 vocabulum
1301 1107 1487 1154 occurrit,
1505 1107 1706 1160 nusquam,

438 1160 464 1200 fi
486 1161 588 1200 τεξὶε
608 1161 786 1206 memini,
804 1159 1075 1205 ἐπιβουλευτός·
1097 1158 1156 1198 sed
1176 1160 1366 1204 ἐπίβουλος
1387 1172 1468 1200 non
1489 1159 1708 1214 infrequens

437 1213 491 1253 est
511 1215 669 1254 Graecis
691 1214 955 1266 scriptoribus.
984 1212 1157 1252 GRAEv.
1179 1212 1460 1253 Restituendam
1477 1216 1612 1266 putavi
1635 1216 1707 1257 Gr.

437 1267 536 1315 Cod.
549 1267 751 1307 lectionem
763 1278 846 1307 tum
862 1267 954 1306 alias
966 1267 1017 1306 ob
1031 1265 1161 1306 causas
1172 1297 1182 1311 ,
1202 1276 1283 1306 turn
1329 1278 1504 1321 ropterea
1516 1270 1683 1310 maxime
1694 1299 1708 1318 ‚

437 1323 545 1375 quod
558 1322 651 1362 illud
666 1321 865 1361 ἐπιτιθέναι
880 1321 1134 1360 Homericum
1150 1320 1194 1359 sit
1206 1320 1283 1360 Od.
1315 1351 1325 1369 ,
1346 1335 1436 1370 240,
1450 1319 1574 1373 Αὔτὲις
1587 1321 1709 1363 ἔπειτ’

442 1375 598 1416 ἐπέθηκε
612 1378 734 1427 δυρεον
746 1377 827 1427 μέγ
835 1390 878 1414 αν
895 1372 1006 1423 13460'
1026 1374 1166 1427 ἀείρας·
1190 1387 1284 1414 mox
1295 1405 1308 1422 ,
1324 1377 1461 1427 πέτρην
1479 1376 1632 1417 ἐπέθηκε
1645 1377 1710 1417 5ss1-

440 1444 531 1483 ρῃσι·
547 1444 586 1469 ν.
607 1444 625 1483 3
639 1443 698 1483 13,
711 1428 872 1469 Ῥηϊδίως
885 1428 1029 1478 ἀφελὼν
1042 1430 1164 1480 δυρεδν
1173 1429 1319 1481 μέγαν.
1336 1426 1459 1481 αὐτας
1478 1428 1615 1470 ἔπειτα
1624 1430 1709 1483 ’Ὰψ

439 1483 617 1536 ἐπέθηχ’,
626 1480 674 1522 ὧς
687 1484 764 1522 ειτε
777 1482 939 1534 φαρέτρῃ
953 1481 1056 1532 πῶμ’
1075 1481 1224 1522 ἐπιθείη.
1239 1483 1458 1523 Ἐστι-τιθέναι
1472 1483 1518 1523 de
1530 1484 1709 1524 clauden-

439 1539 487 1577 da
496 1539 609 1577 ianua
621 1536 779 1577 Graecis
792 1536 986 1584 usitatum,
997 1535 1134 1576 τιθέναι
1149 1549 1226 1576 non
1240 1537 1343 1576 item.
1353 1539 1398 1575 Tb
1409 1536 1529 1586 πῶμα
1541 1536 1596 1590 (in
1605 1537 1710 1578 πτῶ-

437 1607 499 1643 μα
515 1604 595 1631 non
610 1590 705 1644 ipsas
719 1591 978 1637 membranas,
995 1589 1056 1629 sed
1078 1589 1238 1630 Graevii
1260 1604 1416 1630 manum
1439 1590 1626 1631 aberrasse
1647 1591 1710 1632 su-

439 1644 585 1699 spicor)
597 1645 703 1698 quod
719 1646 765 1684 ad
779 1646 924 1685 exitum
940 1645 1037 1684 antri
1048 1642 1120 1683 fuit
1135 1645 1334 1684 admotum
1346 1675 1357 1691 ,
1371 1647 1495 1698 θυρεόν
1510 1648 1626 1698 poeta
1636 1659 1711 1686 vo·

441 1711 504 1739 cat
514 1729 525 1745 ,
541 1713 617 1751 qua
630 1700 677 1738 de
689 1712 790 1738 voce
800 1729 813 1745 ,
826 1711 927 1751 quae
940 1697 1179 1751 postmodum
1193 1699 1231 1737 in
1244 1699 1352 1738 aliam
1366 1699 1482 1752 longe
1492 1698 1713 1752 fignifican-

440 1753 481 1792 di
494 1753 673 1793 ditionem
688 1753 869 1805 migravit
879 1783 890 1800 ,
911 1752 1030 1791 multa
1043 1752 1304 1793 Grammatici.
1322 1754 1486 1793 HEMST.

496 1809 587 1859 Pag.
601 1821 663 1860 95.
685 1808 707 1844 l.
724 1807 758 1846 6.
774 1805 1102 1859 Ἐπιβουλότατον)
1119 1805 1347 1859 Agnoscunt
1365 1807 1465 1847 hanc
1481 1805 1708 1860 scripturam

443 1860 502 1901 ed.
516 1863 546 1899 I.
564 1860 634 1900 Ms.
656 1860 725 1901 Gr.
748 1861 785 1899 a&
806 1860 844 1898 P.
859 1859 910 1899 sic
925 1859 1097 1900 scribitur
1112 1862 1224 1900 etiam
1245 1860 1312 1900 sub
1328 1861 1429 1900 Tim.
1446 1874 1476 1901 c.
1493 1875 1552 1914 33.
1564 1861 1608 1900 In
1619 1862 1711 1902 vul-

441 1915 540 1968 gatis
550 1913 917 1960 ἑπιβουλευτότατον.
934 1925 1117 1954 utrumve
1131 1915 1230 1968 apud
1245 1915 1422 1968 Xenoph.
1441 1915 1591 1967 legitur,
1603 1927 1711 1955 nem-

444 1982 495 2022 pe
510 1967 787 2014 ἑπιβοὺλευτος,
801 1967 951 2021 Cyrop.
965 1968 1082 2016 VIII,
1097 1983 1130 2022 p.
1151 1982 1245 2022 130,
1261 1983 1323 2022 37,
1339 1969 1380 2008 8(
1404 1968 1502 2023 388,
1524 1983 1595 2017 24,
1611 1969 1711 2009 ‹ruc-

441 2021 772 2067 επιβ-.8οιΑΝ.
787 2021 920 2074 Quem
936 2022 1127 2062 tibicinem
1149 2023 1243 2062 voci
1264 2023 1625 2068 έπιβουλευτότατον
1648 2021 1713 2062 so·-

440 2076 523 2116 lum
537 2075 790 2129 supposuerat
803 2077 853 2116 H.
869 2076 1095 2129 Stephanus.
1114 2078 1371 2117 intervertunt
1386 2077 1471 2116 libri
1485 2087 1636 2117 veteres
1649 2075 1713 2116 of-

442 2129 603 2170 ferendo
617 2129 918 2175 ἐπιβουλότατον.
941 2130 1004 2170 Est
1015 2131 1169 2183 quidem
1194 2131 1231 2170 in
1251 2129 1473 2184 compositis
1493 2130 1711 2178 ἐπιβούλευ-

443 2199 510 2224 τος
526 2196 593 2236 per
615 2184 702 2226 sane
720 2197 834 2236 quam
849 2183 1051 2225 familiare:
1072 2185 1250 2238 Xenoph.
1265 2190 1303 2224 K.
1318 2190 1365 2224 Π.
1380 2185 1492 2232 VIII,
1506 2199 1542 2238 p.
1560 2198 1656 2238 130,
1669 2196 1714 2228 v.·

450 2253 513 2291 37,
523 2235 570 2279 ὧς
578 2233 968 2290 εὐεπιβουλευτοτέρας
976 2238 1119 2278 ταύτης
1131 2239 1238 2279 οὔσης
1247 2237 1333 2291 (τιῖς
1345 2240 1541 2292 ἀριστερᾶς
1551 2238 1713 2306 χειρόςτ)

447 2291 550 2332 Ἱππ.
567 2307 603 2346 p.
623 2294 711 2344 561,
725 2307 765 2332 v.
777 2307 844 2341 42,
859 2292 1268 2344 sucsenissovmvvenpoa
1281 2293 1366 2332 sio-*w
1377 2293 1528 2339 ἀφανεῖς
1539 2295 1653 2333 'auree’
1664 2293 1713 2334 de

445 2345 562 2398 Ages.
574 2361 610 2400 p.
626 2346 715 2399 388,
735 2361 773 2386 v.
789 2361 852 2394 24,
870 2347 939 2386 ubi
951 2347 1143 2387 cumulata
1158 2348 1286 2387 videas
1297 2347 1483 2386 eiusmodi
1495 2347 1710 2387 vocabula:

447 2401 593 2452 νομίζων
606 2401 639 2439 έν
656 2400 709 2449 τῷ
720 2400 872 2450 τοιούτῳ
884 2402 926 2438 τό
937 2432 949 2449 ,
964 2415 1008 2439 τε
1021 2401 1180 2455 ἀτρεμὲς
1198 2402 1261 2440 καὶ
1277 2401 1632 2441 ἀνεκπληκτότατον
1643 2400 1710 2440 καὶ

449 2453 764 2507 ,ἀθορυβητότατον
784 2456 850 2494 καὶ
865 2455 1226 2509 ἀναμαρτητότατον
1242 2456 1304 2494 καὶ
1317 2453 1712 2501 ἓυσεπιβουλευτότα·

448 2523 511 2552 τον
525 2506 629 2552 εἶναι.
643 2508 784 2562 Synes.
795 2509 978 2563 deRegn.
994 2522 1080 2564 pag.
1096 2523 1137 2564 ¹3
1153 2509 1204 2550 A.
1213 2510 1268 2550 τίς
1284 2509 1333 2556 δὲ,
1345 2509 1499 2551 ἰὲιώτης
1517 2510 1582 2549 καὶ
1591 2510 1711 2563 μικρὰ
