1748 3420
183 243 274 289 IN
319 241 759 289 DrALoooS
813 238 1189 290 DEORUM.
1236 259 1324 307 293

0 350 3 382 j
53 331 160 372 deret
174 331 310 371 eodem
331 331 441 379 casu3
460 333 564 385 quod
586 343 713 371 tamen
734 345 774 372 re
797 332 873 385 ipsa
899 334 949 372 ita
974 333 1048 374 sese
1068 347 1146 374 non
1170 335 1330 383 habere,

56 384 294 425 manifestum
312 385 376 424 est.
394 385 466 425 Sed
482 387 532 425 ita
544 385 683 425 scilicet
695 385 902 438 aliquando
917 386 1010 426 solet
1024 400 1123 427 unns
1138 388 1245 428 casus
1259 402 1331 442 po-

5 475 7 478 .
57 439 121 484 ni,
141 438 187 477 ad
207 451 322 491 quem
345 439 465 478 verba
485 438 699 492 sequentia,
722 439 909 478 diversum
936 441 1021 479 licet
1047 440 1172 480 casum
1200 444 1331 494 postu-

2 511 3 514 =
55 492 196 538 lantia,
217 491 288 530 fint
303 491 519 532 referenda:
547 494 663 544 inque
683 505 732 531 eo
748 493 885 531 iterum
901 507 987 532 cum
1003 493 1160 534 Graecis
1175 508 1331 536 conve-

56 546 169 586 niunt
187 545 325 584 Latini.
346 546 405 584 Ita
420 547 519 599 apud
540 547 697 585 Livium
713 545 883 585 XXXIX
897 577 908 594 ‚
928 559 1011 599 cap.
1037 561 1098 585 11:
1119 550 1158 586 Si
1184 552 1267 601 quid
1283 553 1335 589 ad

6 603 13 609 '⁴
60 615 121 639 eas
143 597 302 652 (leges)
319 601 423 644 addi,
447 600 550 647 demi,
571 600 736 638 mutarive
749 600 867 648 vellet,
885 600 1003 650 ruffus
1017 602 1059 638 ab
1077 604 1105 639 S
1107 614 1208 640 entatu
1226 604 1255 640 ei
1262 619 1328 655 po·

52 653 248 708 stulana'um
255 652 345 704 fore.
362 654 437 692 Hic
452 666 574 692 unum
589 654 670 692 addi
683 652 808 706 potest
823 655 976 706 proprie
995 654 1041 692 ad
1053 655 1106 692 τὺ,
1116 684 1127 702 ,
1143 658 1192 692 ad
1201 672 1258 694 eas
1275 670 1330 696 re-

0 708 7 751 ’,
58 705 174 746 ferri:
196 706 297 758 apud
309 707 472 746 eundem
492 708 663 752 XXXV,
678 720 710 746 c.
731 719 795 758 19,
819 708 875 745 odi
896 708 1034 759 odioque
1047 707 1128 758 sum
1150 711 1331 749 Romanis.

59 759 177 811 Apud
191 759 419 800 Ciceronem
434 773 592 812 quoque
607 761 643 798 in
658 756 822 799 Verrina
845 773 878 799 e.
904 774 951 810 54
963 761 1098 800 dicitur
1111 761 1330 801 Timarchi-

58 814 124 854 des
133 843 146 859 ‚
166 814 359 852 Verrinae
371 815 561 866 nequitiae
575 813 733 859 satelles,
754 815 792 852 in
805 813 932 853 Sicilia
946 815 1090 853 omnium
1102 815 1330 867 adversarios,

1 907 3 910 ,
60 867 206 907 onmium
227 867 379 906 inimicos
396 868 567 920 diligenter
589 867 802 920 cognoscere,
825 868 992 920 colloqui,
1009 879 1184 907 attentare.
1210 869 1331 909 Certe

2 961 6 964 ,
59 923 104 959 τὸ
117 920 286 973 colloqui,
305 921 412 973 quod
428 922 490 960 hic
505 934 593 961 cum
607 922 743 961 eodem
757 952 768 969 ‚
785 935 865 973 quo
878 921 1068 972 cognoscere
1089 922 1128 960 &
1140 934 1305 961 attentare
1317 954 1333 972 ,

0 968 8 999 ²¹
59 973 150 1013 casu
165 974 414 1021 construitur,
437 976 596 1028 proprie
613 975 719 1015 aliter
734 974 1034 1014 construendum
1053 974 1176 1022 foret,
1195 986 1237 1015 ut
1256 990 1331 1016 no-

3 1027 10 1051 '³
60 1038 143 1067 tum
165 1027 352 1068 est.11-:Ns.

3 1083 10 1091 ”
112 1083 185 1120 ead.
198 1083 224 1122 l.
239 1096 277 1131 7.
289 1081 340 1132 Τῖῖ
359 1080 472 1136 λύρᾳ)
492 1082 620 1134 Lyrae
633 1081 784 1135 quidem
798 1113 810 1131 ‚
828 1082 884 1122 uti
907 1081 1019 1136 supra
1034 1082 1158 1122 visum
1172 1114 1184 1132 ‚
1207 1083 1332 1137 (Dial.

59 1134 162 1187 VII)
181 1136 362 1175 inventor
379 1136 605 1176 Mercurius.
626 1136 697 1176 Sed
716 1136 888 1177 Musicen
902 1137 998 1176 inter
1013 1138 1236 1190 praecipuas
1250 1140 1332 1178 eius

60 1189 191 1235 dotes,
211 1202 343 1229 coram
367 1189 571 1243 Apolline,
594 1191 806 1235 numerari,
833 1191 987 1229 minime
1003 1192 1241 1231 Lucianeum
1265 1192 1330 1232 est.

61 1244 99 1283 V
104 1243 151 1281 id.
166 1255 293 1283 tamen
307 1243 410 1282 Dial.
421 1243 499 1283 VII
511 1275 522 1292 ‚
540 1244 581 1283 &
600 1244 738 1283 Horat.
755 1244 883 1284 Carm.
898 1244 1002 1284 lod.
1016 1246 1066 1285 X.
1086 1245 1245 1285 SOLAN.

114 1300 190 1336 ead.
205 1297 230 1337 l.
244 1312 280 1350 9.
297 1297 573 1350 Ἀναιφρὸοὒιτος)
591 1298 642 1336 Η.
658 1297 785 1352 Steph.
799 1298 868 1338 Gr.
882 1298 925 1337 L.
939 1297 1054 1338 Thes.
1065 1299 1113 1338 T.
1130 1298 1170 1346 I,
1190 1314 1224 1352 p.
1239 1299 1284 1339 61
1295 1308 1334 1353 33

61 1350 264 1404 postquam
280 1362 484 1391 monuerat
505 1351 747 1402 ἀναφρόδιτον
762 1352 836 1392 effe
854 1368 877 1391 a
907 1355 1029 1392 Venere
1051 1353 1219 1401 alienum,
1237 1354 1333 1393 inve-

62 1407 195 1459 nustum
207 1436 219 1454 ,
237 1404 369 1459 positis
381 1406 494 1444 etiam
507 1405 562 1445 his
575 1406 734 1444 Luciani
749 1406 875 1445 verbis
887 1406 1000 1445 addit:
1022 1409 1113 1459 quod
1121 1408 1256 1459 quidam
1270 1424 1332 1447 ex-

56 1472 218 1513 ponunt,
248 1457 404 1499 adversa
423 1459 576 1499 Venere
603 1470 726 1498 natus.
752 1460 845 1499 Non
869 1459 974 1500 aliter
996 1461 1204 1514 invenustum
1232 1463 1333 1515 capit

61 1512 342 1553 venustiffimus
358 1514 538 1553 Muretus
556 1515 593 1552 in
614 1514 771 1553 Terent,
786 1514 908 1553 Andr.
927 1515 975 1554 A.
990 1515 1028 1563 Ι,
1043 1514 1100 1554 Sc.
1114 1516 1168 1561 V,
1188 1529 1234 1554 10
1250 1529 1258 1555 :
1280 1532 1333 1555 re-

65 1569 131 1607 bus
146 1568 322 1606 amatoriis
340 1567 589 1619 infortunatum
603 1568 637 1606 δ’
659 1566 824 1620 infelicem
836 1599 849 1616 ,
865 1571 959 1622 quod
973 1569 1096 1608 Graeci
1113 1570 1229 1608 dicunt
1241 1569 1334 1609 ἀνοι-

62 1619 237 1674 φρόἓιτον.
256 1624 410 1661 Graecus
428 1622 484 1660 ille
495 1621 762 1674 Samofiztensts:
785 1622 866 1674 ἐγὼ
887 1621 932 1662 ⁶³¹2
953 1622 1019 1661 καὶ
1036 1623 1162 1662 ἄλλως
1178 1621 1336 1675 ἀναφρό-

18 1708 22 1715 ,
65 1675 171 1714 sno:
184 1675 259 1715 διε.
271 1677 305 1714 6·
318 1675 496 1715 venustas
507 1677 669 1715 interdum
682 1678 724 1729 est
737 1673 753 1716 ii
771 1676 804 1715 ἐν
814 1676 892 1715 τοῖς
905 1676 1084 1728 ἐρωτικοῖς
1099 1672 1335 1726 εὖθοιιμονίοι.

17 1725 32 1755 ’·
68 1731 194 1769 Terent.
211 1729 314 1782 Quis
333 1743 395 1769 me
407 1729 460 1769 est
483 1729 730 1778 fortunatior,
745 1728 1031 1782 venustatisque
1045 1730 1141 1769 adeo
1158 1729 1335 1782 plenior?

0 1779 1 1785 ¹
29 1811 33 1814 -
66 1784 124 1823 ubi
138 1795 246 1823 tamen
259 1784 401 1823 Nonius
418 1784 499 1838 legit
515 1783 714 1825 vetustatis
724 1797 737 1832 3
748 1783 814 1836 sed
822 1782 932 1837 falfi),
947 1797 1093 1838 utputo.
1113 1784 1221 1824 Haec
1240 1785 1337 1824 Mn-

27 1845 31 1849 ’
68 1849 184 1878 retus.
206 1837 374 1878 HEMST‘.

125 1892 216 1944 Pag.
238 1906 302 1945 45.
315 1893 339 1931 l.
361 1905 398 1941 4.
422 1892 476 1931 Ἐν
495 1890 543 1941 ‘rii
567 1890 696 1942 Λήμνῳ
720 1890 914 1945 σύνεστιν)
932 1891 998 1932 De
1012 1891 1170 1932 Charite
1187 1903 1341 1946 praeter

70 1946 268 1986 Venerem
286 1946 467 1986 Vulcano
488 1946 618 1985 iuncta
639 1958 698 1985 res
712 1945 766 1985 est
787 1957 901 1986 nota:
919 1946 1094 1999 Aglaiam
1118 1946 1338 1986 ὁπλοτάτην

10 2049 12 2051 ¹
71 1999 236 2052 Χαρίτων
249 2011 365 2040 vocat
376 1999 530 2040 Hefiod.
544 1999 695 2052 Theog.
711 2014 749 2039 v.
765 2014 838 2052 945
854 2000 1057 2048 3Thaliam
1074 2000 1262 2046 nonnulli,
1281 2011 1339 2039 te·-

13 2052 18 2056 ”
70 2053 124 2094 ste
139 2053 307 2094 Eustath.
330 2054 375 2093 ad
386 2054 430 2093 Il.
447 2058 501 2100 Σ,
523 2066 608 2107 pag.
622 2067 636 2092 1
649 2054 733 2102 148.
748 2055 945 2094 Homerus
966 2054 1060 2093 nihil
1074 2054 1172 2093 aliud
1185 2085 1198 2100 ,
1216 2067 1337 2107 quam

25 2135 32 2142 -
72 2108 184 2160 Χάριν
207 2107 558 2161 λιπαροκρίνὲεμνον,
581 2107 728 2154 Καλὴν,
750 2107 816 2148 τὴν
840 2108 957 2147 ὤπυιε
976 2111 1199 2159 περικλυτὸς
1221 2109 1339 2159 ἀμφι-

25 2187 30 2194 -
71 2158 206 2215 ‘yviietc
223 2161 266 2200 11.
285 2167 339 2209 Σ,
360 2161 456 2215 382:
476 2161 582 2214 quod
596 2161 795 2201 Pausanias
808 2161 988 2202 observat
1005 2163 1086 2208 IX,
1107 2176 1144 2215 p.
1159 2161 1252 2211 781,
1271 2161 1338 2201 ubi

25 2230 28 2235 ¹
64 2216 121 2255 ’de
133 2215 276 2256 Gratiis
287 2216 438 2268 egregia
453 2215 584 2255 multa.
596 2215 686 2255 Vid.
705 2215 871 2255 Cornut.
883 2217 929 2255 de
943 2217 991 2254 N.
1009 2216 1060 2255 D.
1079 2228 1161 2268 cap.
1179 2229 1192 2253 1
1204 2229 1236 2268 ς,
1251 2229 1337 2268 pag.

26 2289 31 2301 ι
77 2270 178 2323 1633
197 2282 229 2309 c.
254 2284 325 2321 19,
346 2284 384 2323 p.
409 2269 495 2323 183.
515 2270 665 2309 Verum
689 2269 892 2318 Vulcano,
916 2270 1094 2309 Deorum
1124 2270 1226 2309 haud
1252 2269 1339 2309 sane

28 2341 30 2343 >
75 2322 347 2364 formosiffimo
359 2353 369 2370 ‚
394 2324 478 2376 quis
492 2334 571 2362 tam
587 2323 745 2363 sollicite
761 2323 1004 2376 prospectum
1018 2324 1189 2363 voluerit
1201 2354 1213 2371 ‚
1235 2322 1340 2376 (Lu-

16 2378 21 2392 ''
75 2379 208 2418 cianus
224 2378 324 2417 enim
337 2390 418 2417 non
429 2379 621 2430 ingenium
636 2377 697 2416 hic
711 2376 821 2419 suum
833 2408 847 2424 ,
867 2377 927 2418 sed
941 2378 1036 2419 alios
1050 2377 1225 2417 auaores
1241 2377 1342 2416 vide-

77 2443 142 2474 tur
155 2430 323 2484 secutus)
338 2442 382 2471 ut
394 2462 405 2479 ‚
427 2433 566 2484 partito
582 2444 739 2470 munere
754 2432 968 2484 coniugali,
986 2431 1067 2471 five
1080 2432 1119 2470 in
1133 2431 1245 2470 coelo
1255 2443 1343 2469 ver-

78 2484 235 2532 saretur‚
261 2485 327 2525 seu
350 2486 538 2524 Lemnum
563 2485 719 2531 viseret,
740 2496 895 2538 optatos
912 2496 1042 2525 tamen
1066 2485 1346 2538 pulcherrimae

28 2566 32 2569 -
74 2539 256 2593 ¹coniugis
273 2538 418 2580 infusus
433 2539 582 2594 gremio
597 2539 795 2593 amplexus
809 2540 903 2579 inire
918 2539 1055 2594 poffet,
1070 2539 1161 2577 mihi
1173 2550 1253 2578 non
1267 2537 1347 2579 suc·

25 2607 30 2622 ί

1010 2593 1098 2646 Ta
