1748 3420
410 215 504 258 444
609 197 1472 246 ΑΝΝΟΤΑΤΙΟΝΕΞ

407 287 556 339 phrone
571 287 703 339 potius
716 287 873 339 cogitet,
887 287 992 340 quod
1007 288 1106 341 apud
1119 287 1250 327 Schol.
1261 287 1453 341 Aristoph.
1470 289 1610 342 legitur
1619 291 1667 330 ad

409 340 491 379 AV.
506 352 544 378 v.
566 353 579 378 1
589 339 678 392 283,
688 339 731 378 Ἣ
745 341 921 392 erm->2215
940 340 1023 394 (vel
1035 342 1228 382 παισῧείς·
1252 354 1338 380 nam
1353 344 1551 395 vulgatum
1567 345 1670 382 παύ-

410 407 468 432 σει
486 392 626 432 nullius
638 394 690 433 est
704 393 832 446 pretii)
844 395 989 446 βάκτρῳ
1002 394 1138 444 κοιλίνῳ
1153 394 1336 433 cadram
1346 397 1443 447 Φρὺξ
1457 397 1555 447 ἀνὴρ.
1570 396 1671 435 Σκύ-

408 459 517 487 τειλιι
531 459 635 487 certe
645 460 717 501 pro
729 448 881 487 cervice
893 460 974 485 vox
986 447 1124 493 Sicula,
1138 447 1229 487 teste
1240 447 1454 499 Hesychio‚
1465 463 1582 503 quem
1594 463 1670 489 una

409 500 518 538 litera
541 513 769 555 corruptum
783 501 1023 551 emendabis,
1043 502 1263 548 Σκύτοιλον,
1281 502 1492 555 τράχηλον,
1508 504 1667 545 Σικελοί,

411 554 577 593 ΗεΜςΤ.

424 628 427 630 -
466 610 542 645 ead.
558 609 581 646 l.
600 621 656 654 ¹4·
673 607 961 659 ‘Torsfivpnpee‘vor
976 611 1018 646 ‘rb
1029 607 1189 660 γένειον)
1203 608 1303 647 Vide
1314 608 1457 648 Noram
1473 609 1518 648 ad
1531 613 1615 659 Τιμ.
1631 623 1665 650 c.

411 675 476 699 22.
497 660 656 700 Some.
681 662 813 702 Mollis
828 663 950 701 adhuc
965 662 1005 702 δι
1028 661 1250 702 delicatulus
1264 691 1276 707 ,
1299 662 1453 714 qualem
1477 663 1670 703 novacula

411 714 619 754 reddiderat
630 746 642 762 ‚
659 728 746 755 cum
760 716 986 768 obsequium
1002 716 1162 754 domino
1176 714 1300 754 fuerat
1314 716 1597 767 praestandum:
1623 717 1674 756 sl-

410 768 590 808 millimus
611 770 651 808 in
665 770 767 808 Tim.
782 769 891 809 locus
908 769 923 818 §
940 783 988 808 22
1011 768 1256 816 adstipulatur
1268 769 1402 808 additis
1423 768 1602 809 eiusmodi
1625 770 1672 809 si-

412 823 517 875 gnis,
542 835 640 875 quae
660 836 821 875 puerum
849 821 975 862 infami
999 821 1205 861 ministerio
1222 821 1396 861 dileaum
1424 823 1649 876 patefaciant
1660 855 1673 873 ,

411 876 653 930 κοιταπὺγων
666 877 825 924 οἰκέτης,
839 876 879 915 ἑκ,
896 875 1084 915 rathmir
1097 877 1233 925 τίμιος,
1247 873 1516 927 ὑπεξυρημένος
1533 877 1588 916 ἔτι
1604 878 1671 917 τὴν

413 929 562 982 γνάθον·
583 931 822 983 nequeenim
840 930 913 970 hoc
934 942 983 970 eo
1003 929 1168 983 spectare
1188 940 1317 983 putem
1330 960 1341 975 ‚
1361 931 1465 982 quod
1471 931 1580 982 ser-vi,
1593 935 1674 971 dum

415 984 734 1030 manumitterentur,
759 985 865 1036 capite
887 982 1109 1035 rafifiterine‚
1136 985 1201 1023 imo
1217 984 1251 1022 δ’
1265 995 1371 1022 mento
1385 984 1460 1035 rafi)
1471 1014 1485 1030 ,
1509 984 1676 1037 ideoque

413 1037 623 1077 Lucianum
638 1038 713 1077 hoc
726 1038 891 1078 tribuere
899 1038 1000 1089 servo
1009 1067 1022 1083 ,
1040 1039 1096 1077 cui
1113 1038 1247 1076 libertas
1260 1039 1447 1091 testamento
1457 1040 1553 1083 data,
1566 1039 1674 1090 quod

414 1092 671 1130 Wouwerius
684 1091 868 1131 existimat
884 1092 929 1130 ad
942 1090 1094 1130 Petron.
1106 1104 1190 1143 pag.
1205 1090 1294 1139 480.
1310 1091 1496 1144 particula
1509 1091 1565 1130 ἔτι
1585 1092 1677 1132 huic

414 1144 591 1196 opinioni
607 1145 838 1184 adversatur.
854 1145 1112 1186 Archilochus
1126 1157 1338 1197 exponens,
1353 1145 1503 1197 qualern
1518 1145 1678 1198 impera-

415 1208 541 1236 torem
557 1208 677 1251 optet,
689 1194 787 1237 obs&
802 1198 1050 1250 βοστρύχοισι
1062 1195 1305 1252 γαῦρον,οὖδ““
1319 1195 1585 1250 ὑπεξυρημένον
1594 1200 1675 1252 pla·

417 1264 504 1290 cere
522 1251 589 1290 fibi
609 1251 749 1304 scripsit
765 1252 865 1306 apud
878 1252 998 1291 Dion.
1016 1251 1122 1291 Tars.
1139 1253 1178 1298 Ι,
1192 1267 1227 1305 p.
1244 1251 1400 1305 399.1ta
1412 1253 1588 1292 Nanarus
1604 1253 1679 1292 Ba-

414 1305 601 1356 bylonius
617 1305 864 1358 (deteriorem
885 1306 1105 1359 scripturam
1124 1307 1335 1357 Nanybrus
1350 1307 1388 1344 in
1406 1306 1584 1346 versione
1599 1308 1679 1345 Va-

413 1358 527 1399 lesius
548 1360 744 1412 amplexus
758 1359 824 1407 est,
838 1373 926 1399 cum
939 1371 1065 1399 tamen
1087 1360 1310 1399 Nannarum
1325 1359 1455 1399 Suidas
1465 1360 1615 1408 habeat,
1627 1361 1677 1399 ab

415 1425 543 1465 eoque
563 1426 642 1452 non
656 1412 823 1453 diversus
838 1413 1063 1466 ίὶῑἍννοιρος
1076 1412 1224 1453 Ctefiae
1238 1425 1472 1453 memoratus
1487 1414 1677 1454 Athenaei

415 1466 478 1507 lib.
490 1466 584 1512 XII,
596 1482 633 1520 p.
652 1481 725 1521 530
738 1467 812 1517 D.)
825 1469 863 1507 in
877 1468 967 1508 Exc.
982 1469 1015 1508 N
1022 1467 1134 1508 icolai
1146 1465 1323 1506 Damasc.
1339 1480 1422 1520 pag.
1441 1469 1532 1515 426,
1545 1481 1638 1519 429,
1662 1467 1679 1506 ὃ

417 1521 705 1573 κατεξυρημένος
723 1536 766 1561 τε
782 1523 845 1562 καὶ
870 1521 1252 1572 καθυπεστιβισμένος
1277 1521 1330 1559 τὼ
1355 1521 1543 1570 ὀφθαλμώ.
1573 1521 1683 1561 Alibi

416 1574 491 1613 inm
506 1575 689 1621 indicavi,
706 1577 874 1629 perditos
895 1576 1026 1616 aetatis
1040 1574 1126 1615 suae
1142 1587 1269 1614 mores
1282 1605 1292 1620 ,
1313 1574 1532 1628 praesertim
1553 1585 1681 1626 capta-

415 1629 533 1668 torias
545 1627 715 1677 fraudes,
739 1630 880 1681 quibus
888 1630 1030 1669 bellum
1042 1630 1191 1678 indixit,
1212 1629 1250 1667 in
1270 1640 1418 1682 tempus
1433 1629 1557 1669 multo
1568 1640 1682 1669 vetu-

415 1681 507 1722 stius
523 1682 698 1723 conferre
718 1684 944 1724 Lucianum.
973 1685 1137 1722 HEMST.

469 1737 505 1775 in
514 1738 699 1776 Schol.c0l.
714 1751 744 1776 1.
758 1739 780 1777 l.
799 1751 829 1777 1.
843 1736 1034 1788 Κλέανθος)
1046 1738 1145 1790 Lege
1159 1735 1356 1785 Μέλανθος,
1370 1747 1413 1776 ut
1424 1749 1472 1777 ex
1488 1736 1532 1776 iis
1546 1736 1683 1790 liquet,

417 1791 560 1844 quael.
574 1790 763 1831 Meurfius
780 1792 933 1844 collegit
946 1791 991 1831 de
1008 1791 1105 1844 Reg.
1123 1790 1213 1829 Ath.
1227 1790 1293 1837 ΙΙΙ,
1307 1804 1340 1830 c.
1362 1805 1420 1830 10.
1439 1791 1543 1830 Tum
1557 1793 1681 1841 ἐμονο-

414 1843 584 1895 μάχησε
611 1857 682 1897 pro
707 1845 771 1885 καὶ
792 1861 920 1895 μονομ.
946 1857 1137 1898 praeterea
1159 1842 1249 1883 ferri
1270 1843 1394 1896 potest
1414 1841 1505 1896 ὑπὲρ
1519 1844 1682 1892 Ἀθηνῶν,

420 1911 654 1951 quamquam
669 1899 820 1938 mallem
834 1898 923 1950 ὑπὲρ
935 1899 1134 1938 Ἀθηναίων.
1167 1898 1333 1937 Hfflsr.

475 1953 561 2005 Pag.
581 1965 595 1990 1
609 1965 666 2004 55.
681 1953 704 1991 l.
718 1967 752 2004 9.
778 1957 850 1991 ΚΑΙ
869 1956 1040 1992 ΝΕΚΡΩΝ
1061 1953 1126 2004 Δ.)
1140 1952 1247 1992 Haec
1260 1965 1308 1991 ex
1323 1950 1454 1992 Ms.G.
1474 1951 1609 1992 addere
1623 1953 1682 1992 vi·

419 2003 502 2044 sum
523 2005 576 2044 est
596 2006 712 2045 titulo
731 2007 845 2046 huius
863 2006 1012 2058 dialogi.
1041 2006 1200 2046 SOLAN.

474 2061 581 2098 ead.l.
601 2073 615 2097 1
629 2073 658 2099 1.
679 2059 741 2098 Ὡς
754 2059 841 2111 ἔχει
855 2058 998 2111 ὑμῖντὲι
1009 2060 1090 2114 πρ.)
1107 2060 1205 2099 Mox
1215 2060 1371 2099 iteratur
1387 2055 1484 2109 ὑμῖν·
1497 2059 1685 2098 alterutro

417 2117 521 2153 certe
539 2113 630 2154 loco
650 2113 704 2154 est
722 2114 759 2152 in
775 2113 859 2164 ἡμῖν
877 2115 1125 2161 mutandum3
1146 2125 1235 2153 utro
1250 2114 1422 2153 dubites:
1441 2125 1503 2152 me
1517 2111 1615 2152 Cod.
1630 2112 1684 2152 Ο.

418 2179 658 2206 momentum
680 2167 851 2219 impulit,
868 2178 911 2207 ut
925 2168 984 2207 hic
999 2168 1160 2207 mallem.
1181 2168 1345 2207 HEMST.

477 2222 565 2272 Pag.
585 2221 706 2274 156.l.
725 2236 759 2261 2.
787 2223 943 2271 Γυμνοὺς
964 2223 1166 2266 ἐπιβαίνειν
1185 2221 1285 2274 χρὴ)
1308 2221 1436 2260 Huius
1456 2220 1597 2272 dialogi
1624 2219 1684 2259 iti-

417 2274 582 2328 demque
601 2275 752 2327 Catapli
769 2276 958 2316 Lucianus
970 2286 1239 2328 argumentum
1261 2274 1437 2327 concepit
1453 2287 1502 2313 ex
1515 2273 1687 2313 Platonis

419 2329 546 2381 Gorg.
562 2342 598 2381 p.
615 2329 704 2382 356,
720 2341 807 2381 357,
824 2330 887 2368 ubi
903 2329 931 2368 sl
949 2329 1042 2369 lecta
1063 2328 1180 2368 fuerit
1199 2328 1384 2374 Socratis,
1405 2326 1612 2380 graviffimi
1629 2326 1685 2366 fa-

417 2382 619 2429 bulatoris,
630 2383 811 2431 narratio,
825 2383 963 2422 horum
975 2383 1148 2422 omnium
1161 2382 1341 2422 venustas
1355 2380 1622 2434 elegantiffima
1633 2381 1686 2420 di·
1746 2410 1748 2435 4

419 2436 583 2475 lucidius
593 2436 798 2489 apparebit.
809 2436 933 2489 Quod
945 2447 1070 2476 autem
1083 2435 1250 2489 sequitur
1258 2436 1320 2475 ἐπὶ
1329 2434 1394 2476 τῆς
1405 2434 1532 2480 ἠϊόνος,
1541 2433 1566 2473 fi
1575 2434 1686 2474 Tho·
1747 2483 1748 2492 ἵ

422 2503 523 2530 mam
538 2490 642 2545 Mag,
660 2490 800 2544 audias,
820 2489 1039 2546 castigatius
1055 2490 1233 2544 scriptum
1248 2488 1348 2531 foret
1368 2487 1478 2531 ἡὸνος·
1505 2488 1685 2544 quamvis
