1748 3420
165 216 252 264 IN
300 213 744 263 DIALOGOS
790 215 1151 265 DEORUM.
1202 232 1296 286 335,

32 303 209 361 plicanda
234 316 384 352 mente,
402 318 517 359 quam
534 306 803 347 intricatiorem
824 306 864 345 δι
881 307 1036 347 maculis
1050 308 1199 362 aliquot
1212 323 1299 362 pra-

4 391 5 394 *
39 372 115 399 vae
128 360 299 399 lefflonis
321 358 472 411 insuper
491 360 727 400 obscuratam
750 359 929 399 Petavius
943 373 1044 400 certe
1065 374 1143 401 non
1193 373 1301 404 ercea

8 411 10 417 ⁴
36 413 118 466 pit,
135 426 293 466 operam
308 413 407 452 haud
423 413 649 452 abutemur:
670 425 771 453 nunc
786 411 869 451 satis
882 413 933 451 est
950 414 995 452 ad
1011 427 1087 453 rem
1105 429 1156 455 no
1192 430 1270 455 ram
1281 447 1297 464 ‚

35 465 67 506 {i
81 466 158 507 hoc
172 479 332 519 quoque
353 465 445 505 teste
470 466 648 518 Empirici
668 464 759 504 fides
780 466 1000 506 affirmetur.
1019 468 1083 506 Ab
1101 468 1299 522 Orphico-

32 532 125 559 -tum
141 531 269 559 autem
282 519 377 558 haec
391 520 576 558 emanasse
589 518 732 572 scriptis
746 531 795 558 eo
814 520 940 558 minus
952 521 1004 559 est
1023 521 1270 562 dubitandum
1283 553 1299 570 ,

35 573 145 626 quod
159 573 212 612 illi
236 573 366 611 mundi
383 571 546 624 figuram
562 571 636 611 effe
659 573 868 611 statuerunt
886 585 1041 612 ovatum
1055 604 1065 621 ,
1083 573 1232 625 ὦοειῶῖ,
1253 588 1298 617 ut

35 637 184 679 praeter
199 626 292 666 alios
304 626 586 665 Achill.Tatius
604 627 715 664 docet
737 627 775 664 in
790 625 883 678 lsag.
900 639 982 678 pag.
1005 640 1019 664 1
1031 640 1079 675 27
1099 628 1143 666 B.
1162 642 1232 681 130
1248 630 1298 670 C.

35 680 238 732 quomodo
259 679 572 731 hemisphaerium
602 679 764 731 ingentis
788 678 883 718 illius
907 681 976 719 ovi
1011 681 1081 718 erit
1107 678 1298 731 ἡμίτομον·

34 746 128 772 nam
160 734 428 786 primigenium
458 731 552 772 istud
574 745 721 778 ovum,
747 745 872 771 rerum
898 733 1069 772 omnium
1090 735 1297 786 originem,

18 818 23 821 .
38 784 147 839 quod
161 787 289 825 eadem
306 785 591 825 sacerrimorum
607 786 806 824 hominum
820 784 915 825 secla
930 787 1154 833 venditavit,
1165 801 1296 840 quam-

39 853 98 879 vis
114 841 189 879 huc
202 841 404 893 pertineat,
418 839 582 892 prudens
595 840 756 879 omitto:
774 839 863 878 illud
875 840 1002 892 potius
1011 839 1297 882 observandum

36 894 206 940 videtur,
221 893 389 933 Alexidis
406 891 648 932 venustissimi
669 893 800 932 iocum
820 893 858 931 in
878 894 1020 932 Athen.
1034 894 1096 931 lib.
1109 893 1167 939 11,
1187 908 1221 947 p.
1243 897 1298 934 60

38 947 89 986 A.
101 947 145 986 Β.
159 948 286 986 minus
299 958 428 999 patere
439 975 452 991 ,
466 945 533 984 nisi
545 959 681 985 eorum
694 975 706 991 ,
724 957 824 998 quae
838 946 957 985 modo
971 947 1190 986 tradidimus
1201 977 1213 992 ,
1233 949 1298 987 ad·

36 1000 211 1040 iumento
232 1001 354 1039 aditus
376 1000 582 1052 aperiatur.
603 1000 741 1038 Sextus
770 1012 890 1052 porro
904 1029 917 1045 ,
938 1010 980 1039 ut
1004 1012 1053 1039 eo
1076 1001 1296 1050 redeamus,

38 1054 187 1102 πίλους,
205 1055 278 1100 ait,
295 1055 330 1092 τ’
354 1054 580 1093 ἐπιτιθέασιν
607 1050 746 1100 αὗτοῖς,
769 1054 834 1091 καὶ
861 1054 924 1092 ἐπὶ
946 1053 1090 1092 τούτοις
1114 1054 1297 1106 ἀστέρας,

36 1107 283 1158 affrico-bueron
300 1106 365 1147 τὴν
389 1104 636 1158 ἧμισφαιρίων
653 1105 902 1146 κατασκευήν.
924 1107 1028 1159 Ergo
1052 1107 1174 1147 Ledae
1197 1109 1298 1148 filio-

37 1174 126 1201 rum
140 1161 177 1199 in
191 1161 298 1214 pileis
309 1174 377 1200 cur
391 1159 515 1200 stellae
528 1161 746 1208 micuerint,
765 1159 896 1199 frustra
910 1161 1146 1212 quaerimus,
1164 1161 1190 1200 si
1204 1163 1298 1203 haec

39 1215 114 1254 iam
131 1214 221 1254 olim
238 1213 392 1267 insignia
407 1212 690 1253 Dioscurorum
703 1225 879 1253 veterum
891 1213 960 1252 fibi
972 1214 1034 1253 vel
1051 1214 1118 1266 ipsi
1133 1216 1298 1256 vindica-

38 1269 114 1308 rint
125 1298 138 1314 ,
157 1269 219 1308 vel
235 1268 377 1308 liberali
390 1270 590 1319 poetarum
604 1268 708 1306 dono
721 1269 945 1320 acceperint.
962 1268 1007 1306 Et
1022 1267 1106 1307 sane
1121 1269 1216 1308 alios
1229 1283 1297 1309 an-

39 1333 78 1363 te
89 1322 327 1373 Tyndaridas
347 1320 518 1361 exstitifl'e
530 1320 765 1367 Dioscuros,
785 1334 831 1360 ex
850 1320 1038 1362 Cicerone
1057 1322 1297 1363 manifestum

39 1375 94 1415 est
107 1376 152 1415 de
166 1376 214 1416 N.
230 1376 281 1415 D.
304 1375 382 1422 ΠΙ,
402 1375 418 1424 §
445 1387 504 1428 53,
523 1388 639 1427 quem
657 1374 789 1414 locum
814 1375 946 1414 dubito
970 1389 1016 1414 an
1034 1375 1134 1416 hunc
1156 1378 1195 1415 in
1213 1391 1305 1417 nio--

0 1467 1 1477 ἶ
40 1429 130 1469 dum
143 1429 318 1482 distingui
327 1439 504 1481 oporteat
517 1429 558 1468 δι
568 1429 664 1480 legi:
686 1429 793 1468 Primi
809 1441 886 1477 tres,
899 1430 956 1481 qui
969 1430 1183 1482 appellantur
1194 1431 1297 1469 Arza-

39 1499 94 1522 ces
104 1484 269 1531 Athenis,
292 1499 334 1522 ex
347 1483 426 1522 Iove
441 1485 531 1534 Rege
542 1481 762 1534 antiquzſjfmo
775 1482 809 1520 ἃ*
824 1483 1025 1534 Proserpina
1036 1484 1123 1529 nati,
1142 1485 1297 1536 Tritopa-

39 1548 106 1576 tres
127 1536 210 1590 (vel
227 1536 474 1590 Tritopatores)
490 1538 527 1575 Z
529 1550 648 1588 agreus
660 1566 674 1582 ,
697 1536 896 1584 Eubuleus,
916 1537 1113 1589 Dionysus.
1136 1539 1299 1589 Tritopa-

38 1603 142 1639 treus,
156 1591 262 1644 quod
273 1593 468 1643 vulgatur,
482 1592 596 1630 unius
609 1589 714 1628 fuiffe
728 1602 882 1638 nomen,
899 1590 1024 1630 induci
1039 1603 1117 1629 non
1132 1591 1297 1643 possum,

39 1655 85 1685 ut
99 1646 269 1684 credam:
287 1645 333 1684 de
349 1644 660 1695 Tritopatoribus
673 1654 800 1682 autem
813 1674 824 1691 ,
845 1656 945 1696 quos
958 1643 1208 1683 restituendos
1221 1645 1298 1685 effe

40 1711 225 1751 auguror,
244 1699 385 1751 quique
399 1698 558 1737 Athenis
571 1698 710 1737 eximia
719 1698 905 1749 religione
917 1697 1029 1745 culti,
1045 1711 1159 1750 quam
1171 1699 1297 1738 diver-

36 1751 99 1792 sae
114 1751 255 1791 fuerint
266 1751 485 1800 sententiae,
495 1750 726 1791 demonstrat
735 1751 887 1804 insignis
897 1751 1030 1791 Suidae
1042 1751 1150 1791 locus
1159 1753 1196 1790 in
1209 1756 1270 1804 Τρι
1279 1774 1297 1784 -

37 1805 401 1858 ⁴rovrefcxropss·similia
420 1806 548 1858 plane,
570 1804 630 1844 sed
643 1804 761 1857 paulo
776 1805 952 1851 brevius,
970 1805 1010 1843 in
1029 1805 1291 1858 Etymologoz

35 1860 294 1899 emendationi
307 1872 404 1898 vero
416 1859 656 1898 stabiliendae
665 1871 764 1910 quae
778 1857 921 1898 faciunt
929 1859 1051 1911 plura,
1069 1871 1172 1899 nunc
1187 1873 1297 1912 prae-

39 1925 160 1953 tereo.
181 1912 339 1953 Eosdem
356 1912 462 1952 fuiss'e
474 1913 742 1965 Tritopatoras
755 1942 765 1958 ‚
787 1913 855 1965 qui
868 1913 943 1951 θεοὶ
955 1912 1145 1965 μεγάλοι,
1166 1913 1297 1953 Samo-

40 1969 189 2007 thraces
201 1998 211 2016 ,
228 1967 490 2018 Corybantes,
513 1967 664 2012 Cabiri,
685 1977 726 2006 ut
739 1967 882 2019 liquido
895 1966 1084 2006 affirmare
1097 1979 1178 2006 non
1190 1966 1298 2007 susti-

39 2033 140 2067 neo,
161 2022 214 2060 ita
234 2020 411 2073 suspicari
428 2020 535 2060 licet:
558 2020 702 2059 ἁνίικων
715 2021 780 2059 vel
803 2019 974 2059 ἀνάκτων
996 2033 1202 2060 commune
1225 2033 1297 2061 no-

40 2087 150 2114 men:
170 2074 284 2114 refert
295 2074 450 2114 Pausan.
463 2074 500 2113 X
512 2104 526 2120 ,
544 2088 580 2126 p.
601 2073 701 2126 896,
719 2072 995 2126 Amphiffenses
1011 2073 1120 2127 ἄγειν
1141 2074 1302 2116 τελετὴν

40 2127 223 2168 Ἀνάκτων
235 2128 465 2178 καλουμένων
479 2127 638 2168 naisum·
654 2128 807 2180 quinam
823 2127 860 2165 hi
877 2126 949 2166 sint
959 2158 970 2176 ,
990 2140 1123 2181 parum
1137 2128 1187 2167 ait
1201 2140 1298 2168 con-

40 2181 162 2228 flare,
179 2182 267 2221 dum
285 2181 459 2221 nonnulli
472 2180 708 2227 Dioscuros,
724 2181 784 2220 alii
799 2181 984 2227 Curetas,
1003 2182 1085 2228 alii,
1106 2183 1172 2235 qui
1185 2181 1297 2235 supra

41 2247 191 2276 ceteros
210 2235 339 2288 sapere
352 2236 419 2274 fibi
440 2236 658 2281 videantur,
675 2235 837 2274 Cabiros
856 2245 1011 2288 putant:
1031 2235 1170 2275 horum
1190 2237 1298 2289 orgia

40 2291 110 2342 qui
127 2290 316 2330 celebrant
330 2289 563 2336 sacerdotes,
580 2289 716 2328 eximie
729 2289 916 2328 nominari
936 2289 1299 2338 ’Aramo-tenerur,

42 2342 208 2382 ostendit
222 2342 340 2383 Clem.
355 2343 476 2382 Protr.
498 2356 582 2396 pag.
601 2356 644 2380 12
659 2342 704 2381 C.
724 2343 778 2382 Ea
796 2355 856 2382 res
869 2354 1066 2395 utcunque
1080 2343 1297 2393 definiatur,

43 2396 119 2436 hoc
130 2408 255 2436 tamen
274 2396 327 2436 est
348 2396 435 2436 satis
456 2397 698 2449 exploratum
710 2427 721 2445 ‚
737 2396 840 2436 ὒεοὺς
860 2397 1055 2449 μεγάλους
1074 2397 1296 2436 Samothra-

42 2462 131 2490 cum
140 2481 152 2497 ‚
170 2450 248 2490 five
259 2450 438 2497 Cabiros,
453 2453 527 2490 iam
540 2451 604 2490 diu
616 2459 703 2489 ante
714 2464 828 2503 quam
843 2451 1087 2502 Tyndaridae
1099 2450 1299 2490 nasceren-

45 2514 121 2553 tur,
137 2504 178 2545 &
197 2504 316 2545 dictos
327 2503 433 2545 fuiffe
448 2503 703 2558 Διοσκούρους,
716 2505 756 2544 8(
768 2504 1015 2545 existimatos.
1028 2505 1156 2545 Notus
1172 2506 1210 2544 in
1224 2514 1299 2558 pir-¹
