1748 3420
125 219 202 264 IN
239 217 634 266 DIALOGOS
671 221 1165 287 MORTUORUM.
1200 238 1288 284 453

0 315 2 344 τ
37 307 170 360 Itaque
181 320 260 348 non
272 309 402 358 miror,
414 322 559 362 patrem
576 308 733 357 notaffe‚
745 309 865 348 videri
880 322 981 348 nunc
997 310 1295 362 intelligereava-

0 387 3 401 .
37 363 167 408 titiam,
191 372 240 400 ut·
257 361 307 401 fic
324 363 459 415 potius
466 363 711 414 distinguatur
727 363 791 401 καὶ
812 358 950 402 ὕθλους·
968 363 1031 401 καὶ
1045 363 1296 416 μικρολογίαν

0 431 3 440 ·
37 414 76 454 νὴ
90 416 186 461 Δία,
202 416 265 453 noel
283 417 453 468 χρυσίεν,
475 416 516 455 &
532 429 611 455 non
627 416 744 455 modo
765 417 876 454 tacite
891 429 1027 455 aurum
1043 416 1226 455 hincinde
1247 416 1295 455 ab

0 487 1 490 ¹
39 467 229 519 discipulis
247 468 466 514 corraserst,
493 468 552 508 sed
577 470 691 507 etiam
715 468 876 508 ostentet
895 470 1022 508 animo
1043 468 1187 508 insitam
1207 469 1295 508 insi-¹

0 538 2 545 ι
38 533 151 574 gnem
177 522 376 560 avaritiam
403 523 444 562 δε
467 523 708 575 cupiditatem
735 521 934 574 colligendi
964 521 1151 574 amplius,
1177 535 1296 574 quam

41 574 141 634 apud
154 574 270 613 vivos
284 576 442 613 celatam
462 576 606 614 nuditas
621 575 752 614 mortis
769 587 869 614 nunc
888 576 1016 627 aperit.
1040 575 1138 613 Mox
1154 576 1217 614 ubi
1240 575 1295 614 se·

41 628 172 679 quitur
182 628 275 666 mia
288 642 406 667 πεντι,
411 628 571 679 κόντορος
585 627 745 668 absurde
760 639 919 667 vertunt
937 643 1020 680 quae
1038 629 1295 680 quinqueremis,

39 679 146 732 quast
166 680 340 720 bellicum
355 682 444 733 quid
460 683 559 740 apud
584 681 745 729 inferos,
764 694 851 720 cum
874 682 885 719 i
888 680 949 746 pse
965 681 1148 720 Charon
1140 694 1176 719 ιη
1188 681 1295 720 Con-

39 733 306 785 templantibus
322 736 489 782 testetur,
505 734 540 774 se
555 734 677 774 solum
694 696 1207 774 smaemaevpe‘mm.(31³om.

93 789 165 825 ead.
179 787 202 826 l.
217 800 257 839 ¹3
265 787 415 839 Maxi)
431 788 530 827 Coll.
543 788 578 827 P.
593 788 689 827 &L
703 787 940 847 Inimpreffis
952 802 1057 835 μνων.
1084 787 1242 826 SOLAN.

96 840 185 903 Pag.
205 801 289 879 1632.
303 841 325 878 l.
341 854 372 879 1.
397 842 560 880 Πέλεκυν
570 840 642 879 τῶν
656 855 849 900 vocuornyrr.
854 840 914 892 ων)
940 840 1015 879 Pro
1035 841 1195 879 πέλεκυν
1205 854 1294 879 νοω·

41 891 214 946 πηγυωῖν·
233 892 285 932 est
303 894 365 932 illa
377 893 554 946 loquendi
567 893 690 934 forma
704 895 856 946 propria
872 894 951 933 fere
962 894 1191 934 Atticorumz
1220 895 1296 932 Xe-

42 946 159 1006 noph.
173 945 307 998 Symp.
326 960 410 998 pag
426 961 510 997 521,
523 962 560 987 v.
576 961 636 992 10,
651 947 854 999 εισεφέρετο
865 962 907 986 τη
892 946 1145 999 ὸρχηστρίέι
1158 950 1296 1006 τροχος

41 1013 114 1038 Γ[ων
133 999 362 1060 κεροφιεικῶν.
382 1000 577 1061 Theophr.
595 1000 710 1040 Char.
731 1001 814 1040 Eth.
831 1014 913 1053 cap.
930 1001 987 1048 V,
1004 1001 1206 1051 Θουριακὲις
1223 1014 1297 1038 των

42 1051 288 1106 στρογγύλων
302 1053 486 1099 ληκύθους,
505 1055 572 1092 καὶ
587 1055 790 1104 βακτηρίαις
806 1068 877 1094 των
894 1053 1071 1093 σκολιῶν
1059 1054 1099 1091 ἐκ
1113 1053 1298 1091 Massani-

39 1119 160 1156 μονρς.
170 1106 440 1158 Εριςὴειτωυε
432 1120 470 1146 1n
482 1106 656 1153 Scirone,
667 1108 776 1146 ππλίν
780 1122 824 1145 ,ον
838 1107 949 1146 asnis.
969 1106 1162 1156 Aristoph.
1179 1107 1216 1144 in
1233 1104 1297 1145 sn·

41 1173 100 1217 ρᾳ·
117 1160 224 1199 κοπὶς
235 1173 309 1198 ’των
315 1159 558 1222 μαγειρικῶν.
576 1160 728 1200 Alexis:
742 1183 787 1190 -
799 1161 837 1197 'A
840 1160 1151 1213 ριστογείτοναῒο
1157 1157 1296 1208 νρητος’

42 1209 139 1253 §.Uar
159 1212 293 1263 λάρκον
308 1212 551 1263 ημφιεσμένον
562 1214 640 1253 Τῶν
658 1213 862 1265 ἀνθρακηρ
837 1229 880 1252 ov
896 1236 954 1252 -.
974 1212 1187 1254 Posteriora
1207 1212 1294 1251 sub-

45 1265 186 1307 mistrat
199 1266 403 1315 PolluxX‚
418 1267 484 1316 87,
501 1281 586 1316 104,
609 1281 692 1306 111.
716 1269 877 1306 HEMST.

96 1321 168 1358 ead.
187 1319 211 1357 l.
230 1335 265 1358 2.
285 1320 490 1379 Ἐπικὸπῳ)
506 1321 568 1361 Sic
585 1332 701 1360 vocat
720 1333 921 1366 truncum,
936 1319 1047 1372 super
1059 1333 1139 1372 quo
1153 1319 1296 1371 aliquid

44 1372 259 1414 difl'ecatut:
275 1387 356 1414 vox
370 1375 408 1412 in
423 1372 493 1413 uiu
508 1373 703 1414 rariffimo
718 1375 890 1415 BouRD.
904 1374 1027 1413 Valde
1038 1373 1194 1413 obscure
1208 1386 1297 1412 ver-

43 1428 135 1466 titur
155 1426 226 1475 sle,
255 1439 298 1466 ut
319 1428 440 1467 verba
462 1427 575 1481 longe
601 1429 776 1467 recedant
795 1441 819 1466 a
830 1428 1010 1468 Graecis:
1036 1428 1221 1479 Menippus
1243 1428 1297 1478 iste

40 1480 158 1532 Jumtz
172 1480 309 1531 securi,
335 1496 387 1533 qu
380 1498 401 1519 z
417 1496 523 1520 naves
531 1481 728 1533 fabricant,
751 1498 822 1520 eam
842 1481 995 1532 resecabit
1006 1480 1180 1532 scansoria
1192 1480 1296 1518 navis

47 1534 198 1573 tabulato
204 1533 347 1587 suppos
345 1548 423 1574 tam
447 1534 554 1574 Pro'
539 1534 708 1581 emmim.»
722 1535 759 1573 in
781 1533 850 1573 Ml.
867 1534 947 1574 est
933 1534 1141 1583 επικὸπτῳ
1157 1533 1219 1574 sed
1231 1544 1298 1572 aut

46 1587 247 1640 legendum
257 1587 336 1627 est
322 1588 553 1638 επικοπέινῳ,
567 1599 632 1628 ant
644 1589 816 1627 ἐπίκοπον
830 1602 900 1639 pro
915 1588 1136 1626 ἑπικὸποινον
1148 1587 1235 1626 usus
1244 1585 1297 1625 est

46 1641 255 1687 Lucianus,
268 1641 362 1681 ficut
374 1641 441 1681 illo
456 1641 686 1681 Menander
678 1655 716 1680 ιη
733 1641 926 1689 Meffania,
943 1653 985 1680 ut
999 1640 1132 1680 :tucior
1151 1641 1203 1679 est
1217 1640 1299 1678 Pol-

46 1695 114 1734 lux
127 1694 330 1735 Onomast.
347 1696 397 1742 X,
410 1710 472 1743 24.
488 1695 551 1735 Sic
572 1707 697 1740 autem
714 1695 925 1735 vocabatur
938 1693 1112 1746 τρωπεζοι
1124 1709 1233 1746 pays
1217 1708 1297 1744 epa—

48 1763 116 1796 κη,
128 1749 165 1787 in
178 1762 254 1816 qua
271 1748 465 1788 secabant
458 1761 496 1788 m
510 1748 624 1788 frusta
635 1762 768 1788 carnes
783 1747 970 1795 assandas,
986 1748 1048 1787 vel
1061 1747 1298 1799 coquendas:

48 1815 125 1855 pro
139 1801 367 1841 ἑπικόπιινον
391 1814 539 1842 veteres
560 1803 659 1842 addit
676 1801 838 1842 dixiffe'
824 1805 937 1850 ελεον,
961 1802 1132 1862 {avions
1118 1800 1295 1851 επίξηνον

49 1855 184 1895 dictam
195 1854 268 1896 effe
277 1854 382 1894 istam
395 1854 560 1895 mensam
573 1869 791 1909 coquorum
804 1857 917 1901 ἑλεον,
927 1856 1017 1918 quia
1030 1868 1078 1893 ex
1096 1853 1191 1894 oleis
1205 1865 1301 1893 con-

48 1908 264 1955 ficiebatur,
275 1908 409 1949 auctor
419 1909 470 1948 est
482 1909 649 1961 Hesych.
657 1911 834 1962 quamvis
846 1907 964 1948 alios
950 1911 1048 1947 ελεον
1062 1907 1222 1948 scribere
1234 1907 1300 1945 do-

51 1974 149 2010 ceat,
163 1963 203 2002 &
215 1962 365 2002 aliunde
379 1974 507 2015 petere
521 1963 633 2003 huius
646 1963 756 2003 vocis
770 1963 978 2014 originem.
997 1962 1108 2001 vide
1101 1974 1139 1999 1n
1154 1959 1300 2000 ἐλεοῖσι.

52 2016 170 2069 Apud
191 2015 392 2057 Pollucem
407 2016 612 2057 stultiffime
622 2018 785 2056 vertitur
797 2016 893 2056 ἔλεον
907 2016 1030 2055 olearia
1041 2016 1142 2054 cella:
1156 2014 1244 2053 vide
1258 2014 1299 2052 δι

50 2070 116 2109 lib.
128 2069 240 2115 V1‚c.
261 2084 323 2122 13,
337 2070 401 2109 ubi
413 2071 542 2111 eadem
552 2071 686 2123 repetit
697 2070 846 2110 Pollux.
861 2068 1064 2109 Ceterum
1056 2081 1094 2107 1n
1107 2068 1208 2120 prius
1219 2068 1300 2106 lau·-

53 2123 145 2163 dato
164 2124 286 2176 capite
297 2136 368 2175 pro
380 2123 604 2163 ἐπικὸπανον
616 2123 687 2163 Ms.
703 2136 745 2163 ut
760 2124 822 2162 hic
838 2124 1048 2168 Lucianus,
1074 2134 1168 2174 prae
1177 2120 1213 2159 se
1227 2119 1301 2159 fert

54 2177 244 2224 {wib-eamr,
263 2175 323 2217 sed
348 2190 426 2215 non
452 2177 490 2216 in
507 2178 637 2218 verbis
654 2178 878 2222 Menandri,
901 2189 1000 2228 quae
1015 2175 1134 2214 statim
1153 2187 1201 2213 ex
1220 2174 1303 2213 eius

55 2230 237 2270 Messania
251 2229 381 2277 affert3
402 2232 527 2271 necin
542 2232 604 2270 lib.
622 2232 658 2270 V
663 2231 700 2277 1
719 2244 751 2270 c.
771 2246 783 2269 1
795 2246 825 2283 3
849 2231 1066 2282 Utrumque
1080 2240 1229 2267 veteres
1243 2228 1302 2266 vi-

54 2285 191 2324 dentur
205 2283 433 2336 usurpaffe‚
419 2285 608 2330 επίκοπον,
621 2285 686 2324 &²
672 2284 909 2329 επικόσηινον,
923 2282 984 2322 sed
998 2295 1123 2321 tamen
1140 2293 1222 2320 non
1236 2293 1302 2319 ve-

54 2337 256 2376 mstiffimi:
274 2337 488 2377 recentiora
500 2339 601 2376 enim
613 2337 698 2377 sunt
710 2337 909 2377 vocabula.
927 2337 1023 2376 Sane
1033 2349 1110 2375 non
1123 2334 1190 2373 nifi
1201 2334 1301 2386 apud

53 2403 181 2430 novae
193 2390 428 2430 comoediae
445 2390 672 2443 scriptores'
659 2391 885 2431 επικόπανον
900 2391 1079 2443 reperiri,
1096 2389 1136 2428 &
1148 2388 1302 2440 quidem

20 2447 22 2449 ’
55 2445 325 2492 Menandrum,
339 2443 474 2484 Pollux
495 2446 609 2484 tradit
623 2446 737 2485 locis
730 2458 767 2484 1n
782 2445 948 2484 laudatis.
963 2444 1060 2483 Sed'
1046 2442 1222 2482 επίκοπον
1235 2453 1303 2479 ve-

53 2507 152 2541 teres
169 2511 326 2552 quoque
345 2497 429 2539 usos
445 2497 620 2541 discimus
631 2511 680 2540 ex
694 2497 888 2539 Eustathio
902 2498 947 2537 ad
957 2495 1149 2590 l(Tde.ls.,13,
1161 2509 1201 2535 v.
1214 2507 1305 2546 237,
