1748 3420
148 213 236 258 IN
284 209 728 256 DIALooos
781 210 1146 258 DEORUM.
1185 226 1284 279 319

71 298 160 351 Pag.
175 297 277 346 77.l.
300 297 336 337 6.
354 297 490 350 Τράγῳ
511 296 644 337 ἑαυτὴν
668 296 905 350 ἀπείκασεν)
930 297 987 336 Ita
1005 297 1219 351 Philargyr.
1240 301 1287 339 ad

17 350 155 402 virgil.
174 351 250 391 Ecl.
267 349 304 389 Π
314 380 326 396 ,
344 365 390 404 32
405 381 419 397 ,
439 352 516 391 Hic
528 363 639 390 aulem
654 363 756 389 natus
779 354 819 401 est
831 352 1002 390 Mercurio
1013 352 1048 390 in
1062 352 1193 392 arietem
1205 369 1286 393 cotz-

17 404 113 456 versb
124 437 135 454 ‚
152 406 187 443 δ’
207 405 372 456 Penelope
387 419 492 443 uxore
511 406 644 458 Ulyffis
655 434 668 450 ,
684 402 809 443 Schol.
831 404 997 444 Theocr.
1024 406 1071 444 ad
1091 406 1170 446 Eid.
1185 407 1288 458 VII,

5 471 118 509 ⁴109,
139 459 181 498 &
200 458 308 498 Serv.
324 459 370 496 ad
386 459 483 498 Aen.
507 458 565 507 ΙΙ,
585 472 647 507 44.
664 457 737 496 Sed
752 458 840 510 quia
861 470 939 497 non
962 459 1154 498 immerito
1171 462 1291 513 paulo

0 513 103 563 :quis
117 513 270 551 acutior
282 512 455 558 miretur,
465 511 671 564 quomodo
686 511 942 562 pulcherrima
953 512 1160 564 eademque
1173 514 1289 554 castis-

19 565 113 606 fima
127 564 321 618 Penelope
335 566 465 605 adduci
485 565 671 617 potuerit,
691 575 734 603 ut
753 564 862 603 hirco
884 564 919 603 se
940 564 1198 614 submitteret,
1223 569 1289 606 ad-

0 649 3 653 ,
19 619 179 663 modum
194 617 363 658 sollerter
384 630 512 658 tantae
531 618 739 657 difficultati
753 618 816 657 vel
830 618 997 657 Nonnus
1010 619 1075 658 vel
1094 619 1288 661 Maximus

20 672 165 712 mederi
177 683 338 711 conatus
354 672 406 711 est
421 673 458 710 iu
473 678 616 725 Eum-y.
629 671 717 710 ‘lo-⁷.
738 671 784 710 ad
805 670 987 724 Gregorii
1002 671 1181 711 Nazianz.
1198 674 1289 715 Stel.

20 725 62 774 I,
84 740 119 778 p.
141 738 208 773 141
225 738 234 764 :
255 726 322 764 καὶ
336 724 507 765 ἐκνοίισιις
528 723 644 765 αὐτὴν
664 725 814 778 μάγείᾳ
834 726 884 764 εἰς
900 725 1016 775 ἔρωτα,
1033 724 1153 765 αὑτοῦ
1166 727 1288 766 ἐκίνη-

21 793 69 818 σε
81 808 92 825 ‚
111 780 177 818 καὶ
196 778 222 817 ὦ
261 779 342 819 soen
357 776 429 818 ὑπὸ
449 777 514 817 τοῦ
527 779 686 831 τράγου·
704 778 874 817 nonnihil
894 778 978 818 sane
990 778 1198 832 Penelopes
1211 780 1289 820 ho-

23 832 110 873 nori
130 845 203 872 con
223 832 347 872 ultum
364 832 493 877 vides,
513 844 614 884 quae
635 831 784 884 culpam
809 831 999 884 praestare
1015 845 1094 871 non
1118 845 1287 882 tenetur,

21 899 138 937 quam
155 885 332 925 fascinata
350 886 506 938 magicis
520 885 664 924 artibus
676 897 722 925 ac
742 886 879 924 mentis
899 898 977 925 non
990 898 1155 938 compos
1169 887 1290 926 admi-

24 939 82 978 sit.
98 939 205 979 Pater
229 940 473 985 Mercurius,
495 952 542 978 ne
559 938 720 986 nescias,
738 939 872 977 tertius
898 938 970 985 est,
992 940 1106 978 tertio
1128 953 1289 992 quoque

20 988 121 1032 love
137 1005 248 1033 natus
260 993 302 1032 δε
318 994 434 1039 Maia,
453 1003 495 1032 ut
511 1003 643 1032 monet
657 992 782 1032 Cicer.
795 993 840 1031 de
852 992 902 1031 N.
916 991 969 1031 D.
982 991 1048 1038 111,
1065 992 1080 1041 §
1102 996 1167 1045 563
1187 993 1289 1034 filius

18 1045 100 1086 Pan
114 1078 125 1095 ,
145 1060 260 1099 quem
283 1047 345 1086 hic
362 1047 551 1086 Lucianus
567 1046 728 1092 inducit,
748 1046 921 1085 omnium
946 1045 1088 1084 Panum
1112 1048 1288 1089 ultimus:

20 1112 110 1140 nam
124 1100 365 1140 venerandae
379 1099 574 1139 vetustatis
589 1099 712 1139 multo
725 1099 851 1151 plures
864 1098 1111 1144 exstiterunt,
1130 1101 1289 1155 aliisque

26 1155 103 1192 orti
119 1155 354 1207 parentibus:
373 1154 459 1192 vide
475 1154 592 1192 modo
607 1153 734 1192 Schol.
749 1153 917 1192 Theocr.
933 1154 979 1192 ad
993 1154 1071 1192 Eid.
1082 1153 1099 1192 Ἰ
1111 1184 1121 1199 ,
1146 1170 1181 1208 3,
1202 1169 1288 1207 ης,

19 1206 246 1260 scriptorem
263 1208 355 1260 Arg„
375 1207 393 1246 l
416 1207 460 1246 ad
477 1206 655 1258 Pythion.
679 1206 846 1253 Pindari,
865 1220 1033 1259 quorum
1056 1207 1150 1247 alter
1169 1209 1215 1247 ad
1231 1212 1289 1249 al-

23 1271 151 1300 terum
165 1262 441 1301 emendandum
457 1261 588 1305 iuvat,
608 1260 891 1313 Apollodor.1‚
912 1274 994 1314 pag.
1018 1275 1077 1313 13,
1093 1262 1224 1301 Tzetz.
1240 1265 1288 1303 ad

23 1314 222 1368 Lycophr.
240 1330 279 1353 v.
295 1329 385 1366 772.
407 1313 546 1353 Noster
569 1315 674 1354 hicce
699 1328 786 1353 cum
808 1315 976 1354 Hercule
990 1315 1193 1355 Alcmenes
1207 1316 1289 1357 filio

0 1366 205 1408 *Deorum
223 1370 322 1422 apud
337 1369 509 1408 Graecos
531 1379 669 1420 agmen
694 1367 930 1415 clauserunt,
951 1370 1056 1421 quod
1077 1371 1230 1410 credere
1244 1372 1288 1411 li-

23 1432 87 1462 cet
102 1422 304 1461 affirmanti
326 1423 531 1462 Herodoto
544 1422 600 1467 ΙΙ,
622 1437 690 1474 145
703 1437 715 1470 3
732 1435 820 1462 cum
841 1433 974 1461 contra
996 1422 1286 1476 Aegyptiorum

0 1514 2 1524 ,
23 1476 304 1529 antiquiffimus
319 1475 409 1518 effer
430 1476 507 1515 Pan
520 1506 533 1521 ‚
553 1476 616 1514 καὶ
630 1476 702 1514 τῶν
718 1475 819 1513 'o‘mco
835 1474 905 1514 τῶν
919 1477 1069 1527 «πρώτων
1080 1479 1290 1530 λεγομένων

25 1528 131 1569 θεῶν·
147 1531 187 1569 &
200 1531 424 1570 Herodotus
436 1530 604 1583 quidem,
621 1530 689 1582 qui
703 1529 825 1568 studio
838 1530 1034 1569 vetssstatis
1047 1530 1215 1572 barbaris
1226 1535 1290 1572 ad-

26 1583 160 1623 versus
175 1583 348 1624 Graecos
369 1583 476 1637 saepe
490 1582 620 1623 faviffe
634 1584 940 1636 deprehenditur,
957 1585 1090 1636 quanti
1107 1585 1290 1625 Deorum

27 1636 177 1678 huncce
200 1637 449 1677 novissimum
473 1637 627 1683 fecerit,
649 1637 749 1675 haud
769 1637 927 1676 obscure
943 1638 1110 1677 declarat
1132 1652 1166 1678 c.
1186 1643 1261 1687 146
1274 1671 1288 1688 ,

29 1692 95 1731 ml
113 1692 234 1732 Πανός
246 1691 296 1744 ’γε
310 1693 390 1742 ’πέρι
411 1688 474 1730 οὔκ
487 1691 641 1744 ἔχουσιν
653 1690 767 1729 εἰπεῖν
780 1690 830 1743 (οἱ
840 1685 1032 1744 Ἕλληνες)
1046 1692 1116 1730 ὅπη
1133 1693 1292 1745 ἐτράπεε

27 1757 74 1784 'so
87 1744 293 1798 γενὲμενος·
306 1746 518 1784 mirandum
531 1744 632 1792 sane,
649 1744 814 1783 fabulam
827 1745 915 1783 alias
927 1746 1166 1797 excogitandi
1183 1748 1292 1799 quid-

30 1799 90 1839 vis
104 1798 431 1839 foecundiffimam
453 1800 524 1838 hac
537 1798 575 1837 in
592 1810 698 1851 parte
718 1797 946 1838 claudicare:
966 1799 1219 1840 Athenienses
1234 1813 1291 1840 ta-

30 1866 142 1900 men,
162 1854 372 1892 dummodo
386 1852 431 1891 fit
443 1853 508 1892 iste
523 1852 602 1891 Pan
612 1853 713 1891 ⁴idem
726 1883 737 1900 ‚
750 1854 822 1904 ‘qui
841 1851 982 1900 noster,
1001 1854 1106 1905 quod
1119 1855 1293 1896 dubitare

31 1907 241 1947 nonnullos
254 1907 329 1946 scio
340 1937 353 1953 ‚
365 1908 459 1960 quis
477 1905 567 1946 effet
581 1919 775 1959 quamque
790 1905 958 1945 salutaris
973 1908 1077 1959 apud
1093 1908 1293 1949 Maratho-

32 1973 122 2000 nem
141 1961 306 2009 adiutor,
317 1961 423 1999 *haud
437 1961 815 2013 ingratididicerunt.
836 1959 890 1998 At
906 1962 1045 2012 grande
1066 1963 1197 2001 mortis
1211 1964 1292 2003 eius

31 2026 215 2055 arcanum
231 2016 351 2067 patuit
371 2014 522 2054 demum
541 2014 609 2054 sub
629 2015 857 2066 imperatore
877 2014 1060 2054 Tiberio:
1079 2029 1166 2054 cum
1191 2019 1293 2056 enim

34 2081 86 2108 ex
100 2068 219 2109 insula
233 2068 343 2108 Paxis
357 2069 481 2108 audita
492 2081 575 2107 vox
588 2066 677 2107 effer
687 2097 699 2113 ‚
722 2080 903 2119 magnum
914 2068 1051 2107 Panem
1065 2069 1209 2115 obiisse,
1233 2084 1297 2110 ea-

34 2135 116 2175 que
134 2136 197 2162 res
215 2124 384 2163 Romam
404 2123 520 2162 relata
535 2121 761 2162 cuneorum
784 2122 932 2161 animos
953 2121 1140 2175 ipsiusque
1152 2124 1297 2164 Tiberii

34 2176 273 2223 advertisset,
292 2176 497 2230 philolog-i,
516 2186 716 2215 momento
730 2175 968 2227 graviffimae
981 2176 1216 2228 quaestionis
1230 2192 1297 2218 ex-

35 2229 172 2284 penso,
181 2230 444 2272 coniestarunt
454 2261 465 2278 ‚
485 2231 589 2270 hunc
603 2228 675 2268 effe
688 2229 868 2269 Mercurii
883 2231 923 2269 &
934 2230 1142 2283 Penelopes
1154 2231 1272 2271 filium
1285 2247 1298 2281 ;

37 2295 84 2323 ut
96 2283 210 2324 refert
223 2284 411 2324 Plutarch.
425 2285 471 2325 de
482 2283 598 2323 Orac.
613 2281 763 2322 Defect.
780 2297 816 2335 p.
829 2295 917 2335 419.
940 2283 1046 2323 Nolo
1061 2284 1298 2337 sagaciffimis

38 2337 262 2383 hominibus
273 2337 474 2385 adversari,
491 2337 639 2377 tametfi
654 2350 730 2390 qua
743 2336 915 2383 fortuna,
935 2351 1068 2390 quove
1080 2339 1238 2379 consilio
1257 2341 1297 2379 in

23 2390 181 2438 Paxos,
199 2393 364 2432 Arcadia
374 2392 513 2439 relicta,
530 2391 730 2430 devenerit
744 2391 994 2430 moribundus
1009 2392 1100 2440 Pan,
1120 2394 1297 2446 ignorare

39 2458 103 2485 me
115 2445 260 2494 fatear3
277 2446 347 2486 nisi
358 2446 465 2499 quod
479 2445 630 2485 desertis
642 2445 752 2490 locis,
774 2457 890 2496 atque
909 2444 970 2483 ins
966 2445 1035 2484 ulis
1057 2448 1187 2493 etiam,
1207 2461 1298 2487 eum

37 2500 151 2557 yalde
164 2500 390 2546 deleciatum
407 2499 514 2540 fuiffe
526 2498 670 2540 ferant:
694 2499 781 2540 vide
791 2498 971 2552 Aeschyl.
987 2499 1084 2541 Pers.
1102 2515 1140 2543 v.
1155 2516 1246 2556 447,
1259 2502 1302 2544 &
