1748 3420
417 233 507 282 5NJ
603 208 1485 260 ANNoTAT1oNES

409 304 656 354 sinceraeque
670 298 839 346 virtutis,
853 308 1035 352 quantam
1047 308 1152 338 aetas
1166 298 1230 337 illa
1243 298 1428 352 capiebat,
1439 297 1583 339 strenui
1597 298 1682 341 cul-⁴

411 357 506 395 toris
520 354 746 394 memoriam
768 354 977 406 ignominia
990 353 1054 392 tali
1067 352 1256 405 adspergi:
1282 352 1401 405 pluris
1417 352 1470 391 est
1484 354 1582 405 apud
1597 366 1660 393 me
1666 380 1684 401 ,

411 422 528 462 quam
539 408 696 447 Luciani
710 407 970 459 aliorumque,
982 407 1050 459 qui
1062 407 1285 458 ceteroquin
1297 406 1343 445 ab
1354 419 1404 445 eo
1415 406 1531 459 longe
1543 406 1684 447 diversi

413 464 503 502 huic
515 463 672 501 iniuriae
686 459 944 506 subscribunt,
958 460 1088 499 inanes
1099 461 1268 512 argutiae
1277 489 1290 505 ‚
1302 459 1575 511 Xenophontis
1588 459 1684 500 fides
1746 501 1748 508 ,

412 517 466 556 ita
478 515 670 555 scribentis
685 515 724 553 in
738 514 869 553 ultima
884 514 1053 553 Socratis
1063 512 1264 566 Apologia
1277 528 1285 550 :
1300 512 1546 564 Ἐπεέείξατο
1557 512 1602 552 δὲ
1614 512 1685 553 τοῖς

412 568 554 621 ,ψυχῆς
568 568 633 608 τὴν
654 568 786 620 ῥώμην·
809 567 980 631 {ore-isse?
997 566 1095 619 ἔγνω
1110 564 1176 606 τοῦ
1196 568 1251 605 ἐ’τι
1266 564 1327 616 ζῐῖν
1342 569 1383 604 το
1399 566 1566 605 τεθνάναι
1578 565 1686 621 αὖζῷ

414 622 582 687 κρεῖσσον
596 618 707 668 εἶναι,
733 618 858 671 ὥσπερ
874 620 959 660 ουδὲ
983 624 1073 670 προς
1084 618 1218 658 τᾶλλα
1233 618 1393 672 τάγαθὰ
1405 619 1616 671 προσάντης
1632 621 1687 669 ἦν,

414 676 504 716 cust
520 678 613 728 προς
625 678 686 715 τον
700 675 861 714 &aumas
875 673 1157 724 ἐμαλακίσατο,
1177 673 1265 711 ἀλλ’
1281 672 1413 724 ἱλαρῶς
1427 673 1492 711 καὶ
1504 672 1689 723 ’προσεθέ-

418 745 455 781 χ
461 744 521 769 ετο
533 726 644 768 αὐτόν
656 729 719 767 καὶ
731 727 999 767 ἐπετελέσατο·
1009 738 1389 778 commemorataque
1398 725 1566 766 Socratis
1576 730 1689 778 σοφία

416 785 460 825 δε
472 783 724 837 γενναιότητι,
739 793 842 833 quae
852 781 1068 819 auditorum
1083 792 1131 818 ex
1152 781 1287 819 animis
1307 779 1462 819 effluere
1485 792 1687 832 nunquam

416 836 559 891 poffint
569 866 580 885 ‚
605 835 720 874 finem
736 833 1026 886 elegantissimae
1039 832 1248 873 defensioni
1272 833 1381 873 fimul
1391 862 1402 879 ‚
1427 834 1466 873 δι
1485 833 1688 874 cumulum

416 891 563 930 meritis
582 890 662 929 eius
681 889 860 928 laudibus
878 888 1061 940 imponit:
1079 887 1109 925 εἰ
1124 886 1172 926 ss‘
1185 901 1242 926 τις
1255 887 1327 926 τῶν
1343 885 1480 939 ἀρετῶν
1495 888 1690 937 ἐφιεμένων

421 943 681 995 ὦφελιμωτέρῳ
692 943 762 982 τινὶ
774 945 996 994 Σωκρατους
1011 941 1247 992 συνεγένετο,
1259 939 1388 980 ἐκεῖνον
1401 941 1443 993 ε’)
1452 940 1478 978 ὼ
1492 940 1554 980 τον
1567 940 1689 994 ἄνὸροι

420 996 845 1049 ἀξιομακαριστότατον
866 995 1004 1046 νομίζω.
1028 994 1239 1034 Menander
1253 995 1291 1032 in
1307 995 1411 1048 ’Op‘y.
1428 995 1529 1048 apud
1540 994 1687 1035 Athen.

423 1052 520 1098 XII,
533 1065 568 1101 p.
588 1063 659 1101 552
674 1061 683 1088 ε
697 1049 738 1087 Ὁ
749 1051 858 1099 λιμός
873 1045 956 1098 ὑμῖν
965 1050 1027 1087 τὸν
1037 1050 1152 1086 καλὸν
1164 1045 1292 1087 τοῦτον
1304 1045 1447 1087 ἒακών.
1468 1049 1634 1089 HEMST.

475 1106 511 1143 in
526 1105 639 1143 Schol.
656 1104 718 1142 col.
730 1118 763 1142 2.
777 1104 799 1140 l.
819 1100 1022 1154 2.'‘OV7605)
1044 1100 1174 1142 Credo
1189 1101 1391 1155 legendum
1412 1097 1545 1142 οὕτως’,
1556 1104 1610 1155 fic
1621 1099 1692 1155 1⁶pr¹

422 1169 600 1198 contextus
613 1159 721 1195 hahet.
751 1157 914 1195 HEMST.

478 1212 569 1264 Pag.
587 1223 673 1263 209.
695 1211 718 1248 l.
737 1223 769 1262 5.
784 1209 910 1261 Ἀξίως
922 1207 989 1248 τοῦ
1003 1209 1151 1263 γένους,
1174 1207 1239 1247 καὶ
1260 1208 1459 1261 Διογένης)
1488 1210 1543 1248 Ut
1553 1209 1692 1262 dignum

423 1277 495 1305 crat
503 1278 618 1317 genere
629 1265 750 1304 canino
761 1278 772 1302 .-
792 1265 838 1302 ad
853 1262 1066 1303 Cerberum
1079 1262 1191 1315 supra
1201 1262 1349 1301 dixerat
1362 1263 1580 1316 Menippus,
1593 1276 1693 1317 ‹twy-

424 1318 535 1373 γενης
546 1320 625 1372 γὰρ
638 1318 715 1368 εἰμί
725 1331 795 1357 σοι.
807 1316 980 1370 Diogeni
992 1328 1120 1356 tamen
1129 1315 1322 1356 Cerberus
1334 1317 1434 1369 apud
1444 1315 1595 1356 Auson.
1607 1316 1694 1370 Epi-

423 1373 529 1426 taph.
549 1372 679 1412 xxxi
695 1383 773 1410 non
795 1371 949 1424 perinde
966 1370 1154 1424 benignus
1169 1369 1244 1417 est3
1266 1382 1353 1408 nam
1374 1370 1420 1409 ad
1440 1382 1571 1410 manes
1588 1370 1696 1410 abire

423 1427 554 1467 vetuit
566 1456 579 1472 ,
597 1438 810 1478 canemque
835 1424 1013 1477 superum
1029 1425 1073 1464 iis
1086 1426 1124 1463 in
1143 1423 1290 1464 sedibus
1302 1424 1443 1464 morari
1455 1424 1580 1464 noluit
1589 1425 1699 1464 canis

423 1480 618 1520 infernus:
640 1481 800 1531 Quonam
818 1479 948 1532 igitur?
965 1479 1049 1518 clari
1061 1481 1197 1530 flagrat
1211 1493 1277 1530 qua
1283 1479 1382 1530 stella
1395 1479 1520 1517 Leonis
1537 1478 1695 1517 Additus

426 1538 470 1582 νβ
493 1535 596 1587 iustae
619 1549 710 1573 nunc
727 1530 823 1572 canis
846 1533 1028 1584 Erigonae.
1056 1531 1183 1584 Quod
1207 1532 1375 1572 imitatus
1399 1531 1453 1571 est
1474 1530 1672 1572 Ausonius
1681 1559 1698 1578 ,

427 1585 624 1629 Graecum
636 1587 871 1640 epigramma
880 1586 987 1625 cultu
1003 1585 1162 1639 simplici
1178 1585 1302 1625 multo
1318 1586 1409 1625 mihi
1421 1585 1575 1626 nitidius
1588 1586 1699 1626 vide·

428 1653 502 1681 tur.
518 1640 562 1680 In
578 1641 654 1680 alio
664 1642 792 1694 Epigr.
807 1654 869 1689 14,
883 1640 1002 1679 Anth.
1014 1639 1081 1687 111,
1095 1653 1127 1679 c.
1140 1654 1205 1693 33,
1216 1638 1390 1680 Cerbero
1402 1639 1591 1680 blanditur
1600 1639 1701 1680 Dio·

427 1708 559 1749 genes,
570 1708 740 1747 eumque
750 1694 943 1733 affinitatis
953 1694 1156 1747 proximae
1164 1693 1477 1734 commonefacit:
1488 1694 1608 1733 Ἀλλὰ
1616 1693 1700 1734 κύον

427 1750 563 1790 σαίνοις
574 1749 721 1800 Κέρβερε
734 1751 797 1788 τόν
806 1761 856 1798 με
869 1748 972 1787 κύνα.
994 1748 1161 1787 HEMS‘r.

482 1806 559 1842 ead.
567 1803 590 1841 l.
604 1803 639 1841 6.
654 1801 853 1855 Διογένης)
867 1800 1088 1853 Quomodo
1101 1801 1168 1841 fibi
1182 1812 1347 1843 mortem
1359 1800 1589 1842 consciverit
1600 1800 1702 1841 Dio·

429 1869 560 1909 genes,
567 1854 654 1894 aiibi
662 1856 807 1896 dicendi
819 1856 929 1895 locus
939 1855 991 1895 est
1002 1856 1049 1894 ad
1058 1860 1092 1894 B.
1104 1860 1170 1907 Πρ.
1183 1869 1218 1897 c.
1236 1870 1248 1894 1
1256 1870 1294 1896 0.
1303 1856 1395 1896 Vid.
1404 1855 1552 1896 Sotadis
1562 1854 1703 1909 fragms

429 1911 529 1964 apud
543 1909 656 1950 Grot.
674 1909 703 1948 F
706 1910 778 1949 lor.
800 1923 836 1962 p.
857 1922 931 1962 397
943 1910 984 1950 &
1000 1922 1086 1963 399.
1104 1909 1225 1963 Diog.
1244 1911 1369 1951 Laert.
1388 1911 1461 1949 162
1472 1909 1518 1949 B.
1539 1907 1605 1949 ὑπ’
1619 1909 1703 1948 ἀθυ-

427 1965 524 2014 μίας
535 1963 665 2015 βρόχῳ
676 1966 737 2004 τόν
748 1963 822 2008 βίον
832 1963 1086 2015 μεταλλάξαι
1099 1964 1328 2017 Menippum
1339 1964 1443 2003 dicit:
1459 1963 1558 2003 idem
1570 1973 1702 2004 tamen

429 2018 472 2057 in
485 2019 771 2071 epigrammate,
785 2030 920 2070 parum
932 2016 1001 2056 sibi
1013 2017 1206 2064 constans,
1220 2029 1358 2071 negare
1371 2017 1526 2057 videtur
1537 2016 1702 2066 saelum,

431 2084 523 2112 cum
538 2072 590 2110 ait
601 2100 615 2117 ,
633 2069 663 2110 εἰ
679 2069 716 2108 ‹P’
729 2069 818 2110 ἐνόει
837 2071 949 2120 φύσιν
965 2073 1083 2118 κυνος,
1096 2068 1208 2110 αὑτὸν
1223 2071 1267 2111 ἐὶν
1279 2072 1490 2123 ἐκρέμασεν.
1507 2070 1668 2111 SOLAN.

488 2126 577 2178 Pag.
589 2139 609 2163 2
618 2137 677 2163 10.
690 2126 713 2164 I.
732 2138 745 2162 1
754 2154 762 2163 .
774 2124 921 2169 Ὀβολὸν
932 2124 984 2175 μὴ
998 2124 1124 2177 ἔχων)
1139 2125 1271 2165 Unum
1282 2126 1443 2165 obolum
1453 2126 1513 2164 ori
1524 2134 1702 2165 mortuo·-

432 2191 520 2219 rum
538 2178 703 2217 immittit
718 2178 1235 2227 Lucianus,cuiusab1ndice
1250 2180 1410 2233 petenda
1423 2177 1509 2219 sunt
1521 2179 1620 2219 loca.
1628 2178 1707 2219 Ce-

431 2233 504 2272 teri
518 2231 597 2272 fere
611 2231 879 2272 consentiunt:
902 2233 1033 2273 Lucili.
1049 2233 1166 2272 Anth.
1179 2232 1237 2281 ΙΙ,
1257 2246 1291 2273 c.
1312 2244 1374 2286 50,
1387 2233 1456 2286 Ep.
1470 2245 1512 2284 7,
1534 2233 1640 2272 Κεῖτο
1655 2232 1706 2273 sd

433 2288 478 2341 ‘y'
490 2284 594 2326 offset!
610 2285 708 2338 ’έχων
722 2284 848 2332 ὂβόλου
865 2287 996 2326 πλέον·
1010 2309 1055 2316 -
1077 2287 1288 2340 Antiphan.
1308 2287 1410 2340 apud
1425 2286 1535 2327 Stob.
1548 2300 1584 2340 p.
1604 2286 1677 2326 128
1690 2317 1705 2335 ,

436 2340 479 2379 δε
491 2340 609 2379 Anth.
624 2340 660 2378 11
674 2371 685 2387 ‚
697 2352 730 2379 c.
747 2353 793 2393 50
804 2370 816 2386 ,
830 2340 897 2392 Ep.
914 2355 949 2394 3,
971 2338 1137 2392 Τεθνίιξῃ,
1152 2339 1392 2381 πλουτοῦσαν
1404 2341 1507 2389 ἀφεὶς
1519 2341 1706 2394 μεγάλην

434 2390 611 2434 ὃιαθηκην
624 2394 683 2432 Ἐκ
696 2393 846 2433 πολλῶν
859 2393 992 2440 ὀβολῶν
1002 2394 1130 2444 μοῦνον
1150 2394 1408 2448 ἐνεγκάμενος·
1422 2394 1489 2435 ubi
1503 2394 1592 2434 vide
1602 2394 1706 2434 Bro-

438 2447 590 2488 daeum.
609 2446 808 2500 Diogenes
820 2449 949 2495 etiam,
965 2459 1008 2488 ut
1019 2461 1101 2488 erat
1115 2448 1388 2488 amantiffimus
1398 2447 1569 2497 iustitiae,
1582 2448 1710 2487 debita

434 2500 675 2542 charontem
693 2502 785 2556 stipe
802 2501 976 2544 fraudare
993 2503 1117 2543 noluit
1128 2532 1140 2554 ‚
1163 2504 1415 2557 porrexitque
1431 2501 1499 2556 ipsi
1513 2501 1713 2554 vannum:
