1748 3420
421 270 512 311 294
610 245 1557 296 ANNoTATIO-NES·

417 339 545 380 currit.
566 336 764 377 Charitem
780 335 892 383 etiam
905 335 944 374 in
963 335 1111 375 Lemno
1125 347 1273 388 ponere
1292 335 1445 376 videtur
1457 334 1584 376 Schol.
1599 335 1691 375 Ho'«
1727 359 1732 370 ,

417 405 510 431 mer.
526 390 573 429 ad
587 390 630 429 Il.
644 396 675 428 Ξ
687 419 699 436 ,
718 402 807 442 230.
825 390 879 428 ibi
895 388 1106 441 quaesitum
1121 388 1176 428 est
1192 388 1293 441 apud
1305 400 1478 437 veteres,
1495 401 1540 429 ut
1562 389 1602 428 in
1617 401 1686 429 ne-

415 444 558 484 &endis
570 456 619 483 ex
630 443 810 483 Homero
825 442 934 482 nodis
947 441 1107 482 mirifica
1124 442 1288 494 quadam
1301 441 1385 481 sunt
1399 442 1574 482 industria
1585 473 1596 490 ,
1615 455 1687 482 cur

415 498 518 539 Iuno
545 497 732 536 Somnum
754 506 999 535 conventura
1025 496 1213 535 Lemnum
1239 508 1262 533 a
1288 496 1455 549 principe
1480 499 1685 549 poetarum

417 552 521 591 adire
540 550 655 590 fuerit
673 548 762 589 iuss'a
778 562 786 588 2
806 550 893 589 huic
905 548 1130 588 molliendae
1145 549 1354 588 difficultati
1373 549 1469 588 inter
1489 550 1561 588 alia
1576 549 1690 602 plura

420 606 463 646 δε
486 603 585 644 forte
606 604 793 643 deteriora
818 604 891 642 tale
913 602 1120 642 remedium
1147 602 1365 642 adhibetur:
1392 603 1586 652 dominum
1611 602 1686 643 effe

418 659 553 698 Lemni
567 658 811 705 Vulcanum,
828 669 992 697 uxorem
1010 656 1090 695 eius
1104 655 1297 696 Charitem
1313 669 1325 703 3
1343 657 1452 695 cuius
1466 668 1686 708 germanam

418 711 629 752 Pafitheam
643 741 655 757 ,
673 723 773 763 quae
791 710 932 750 sororis
955 711 992 748 in
1015 710 1273 748 contubernio
1301 710 1480 757 vivebat,
1504 722 1591 748 cum
1611 709 1686 749 So·

418 779 535 805 mnus
548 765 712 804 effliffim
725 775 882 809 amaret,
893 764 979 803 ideo
990 762 1137 809 scilicet,
1149 775 1191 802 ut
1207 763 1363 813 propius
1379 763 1424 802 ab
1436 762 1688 815 optatiffimae

419 820 580 873 virginis
595 817 744 871 aspeslu
759 817 916 863 abesset,
933 818 970 856 in
988 817 1134 856 Lemno
1155 815 1339 856 desedisse.
1353 816 1407 855 At
1430 817 1626 856 Homerus
1643 817 1686 857 δὲ

420 873 616 914 Charitem
631 902 642 918 ,
663 873 704 911 δι
723 870 839 924 ipsam
854 870 1020 910 Vulcani
1044 870 1234 911 officinam
1257 871 1295 908 in
1320 870 1431 909 coelo
1455 870 1688 931 collojavit,

419 926 677 979 nescioquam
694 925 944 976 probantibus
962 923 1064 963 Diis:
1088 937 1173 964 nam
1193 923 1275 963 fieri
1291 924 1444 975 quidem
1460 925 1526 963 vix
1546 923 1688 977 potuis-

422 979 460 1020 se
475 981 624 1027 credas,
641 980 732 1032 quin
756 990 882 1017 tantus
903 977 1226 1017 ferramentorum
1253 976 1558 1031 malleorumque
1578 978 1687 1030 inge·
1706 1022 1712 1024 ‚

423 1035 654 1073 minatorum
679 1032 851 1085 strepitus
869 1030 1086 1071 coelestium
1113 1044 1224 1070 aures
1247 1031 1512 1071 vehementem
1539 1031 1578 1070 in
1602 1044 1688 1071 mo-

423 1088 515 1127 dum
531 1087 745 1126 obtuderit:
769 1099 882 1138 quam
899 1085 950 1124 ob
965 1098 1044 1124 rem
1059 1084 1313 1137 posteriorum
1334 1086 1372 1124 in
1387 1097 1456 1124 eos
1478 1088 1686 1137 poetarum

422 1154 504 1180 non
520 1141 678 1192 vulgare
701 1139 847 1179 constat
869 1138 1123 1184 beneficium,
1149 1140 1215 1191 qui
1236 1137 1422 1179 destruc‘h
1445 1139 1609 1178 Homeri
1632 1150 1689 1178 ta-

422 1196 542 1234 berna
565 1193 685 1232 fabrili
706 1193 924 1246 Olympum
949 1192 1101 1231 nitidius
1125 1192 1402 1244 expoliverunt
1417 1224 1429 1240 ‚
1448 1192 1688 1232 Vulcanum-

423 1261 524 1301 que,
545 1245 575 1286 fi
595 1247 686 1299 quid
700 1248 828 1299 operis
849 1245 1064 1293 moliretur,
1079 1246 1240 1298 migrare
1263 1245 1445 1285 iusserunt
1463 1246 1509 1285 ad
1528 1245 1688 1286 insulam

425 1301 590 1354 aliquam
610 1301 791 1340 Aeoliam
814 1311 883 1339 aut
896 1300 1083 1339 Lemnum
1098 1331 1109 1346 ‚
1125 1300 1218 1339 datis
1243 1299 1393 1352 insuper
1409 1300 1424 1351 (
1438 1312 1527 1339 nam
1541 1300 1688 1340 Home-

425 1368 491 1394 rus
506 1355 615 1407 plane
633 1354 751 1393 solum
768 1353 813 1392 ad
831 1352 1026 1393 fornacem
1044 1366 1158 1404 atque
1173 1354 1347 1392 incudem
1365 1353 1610 1406 destituerat)
1625 1367 1687 1394 ae-

425 1407 599 1448 rumnofi
615 1409 754 1447 laboris
769 1406 995 1446 administris
1005 1406 1258 1460 Cyclopibus.
1271 1407 1325 1445 lta
1338 1406 1562 1446 Callimach.
1579 1408 1629 1447 H.
1647 1408 1689 1448 in

426 1461 544 1503 Dian.
559 1462 746 1515 Apollon.
767 1461 841 1500 Rh.
860 1462 953 1513 Arg.
971 1460 1054 1506 ΙΙΙ,
1071 1461 1205 1514 Virgil.
1230 1459 1328 1500 Aen.
1344 1460 1450 1500 VIII.
1473 1460 1590 1514 Apud
1604 1460 1689 1501 eos-

422 1517 512 1556 dem
533 1529 630 1555 vero
646 1529 733 1555 cum
754 1515 941 1555 Vulcano
963 1515 1099 1554 Venus
1118 1515 1154 1553 in
1176 1513 1358 1568 Olympo
1373 1514 1542 1562 habitat3
1557 1527 1690 1568 neque

426 1569 558 1616 secus,
578 1570 686 1622 quod
701 1570 820 1622 magis
831 1569 1002 1617 mireris,
1018 1569 1054 1607 in
1076 1568 1238 1607 Homeri
1257 1567 1332 1607 Od.
1350 1574 1392 1607 Θ.
1409 1568 1513 1607 Illam
1535 1569 1688 1621 quidem

426 1624 659 1670 Anacreon,
677 1624 743 1663 vel
762 1623 856 1663 alius
877 1622 1105 1662 Melicorum
1130 1623 1283 1675 aliquis,
1306 1623 1354 1661 ad
1374 1622 1554 1662 Lemnios
1572 1624 1689 1662 cami-

424 1689 500 1718 nos
520 1678 748 1725 devocavit;
767 1676 827 1716 sed
842 1676 991 1716 diverso
1016 1675 1175 1716 consilio
1188 1708 1200 1722 ‚
1217 1687 1259 1715 ut
1271 1688 1431 1728 operam
1450 1675 1626 1716 sociatam
1641 1677 1691 1716 ad

425 1731 588 1770 Amoris
609 1731 684 1770 tela
698 1730 915 1771 fabricanda
929 1730 1132 1770 conferret.
1155 1731 1254 1770 Mox
1271 1729 1440 1781 displicet
1453 1726 1581 1769 αὐτόν·
1595 1731 1688 1770 mal-

426 1784 500 1824 lem
514 1784 578 1823 καὶ
595 1786 824 1836 στρατιώτην
840 1784 894 1822 arv·
911 1784 977 1824 etsi
991 1797 1070 1823 non
1085 1797 1144 1823 me
1158 1783 1276 1836 fugiat
1294 1784 1381 1823 usus
1396 1782 1532 1837 aliquis
1546 1781 1612 1823 τοῦ
1623 1782 1689 1824 αὖ·

427 1840 491 1877 τὶς
504 1838 602 1878 haud
618 1839 727 1878 valde
741 1837 876 1890 dispar,
893 1839 936 1877 de
951 1852 1029 1891 quo
1043 1838 1130 1877 alibi
1143 1839 1278 1878 dicam.
1295 1838 1460 1876 HtMST.

483 1896 554 1930 ead.
568 1894 591 1930 l.
610 1906 667 1932 11.
686 1890 1100 1945 Ἐπιμυχαιιὴσασ-Βαι)
1122 1891 1364 1943 Perspicuum
1388 1891 1462 1938 est,
1484 1890 1704 1944 legendum·

427 1942 806 1998 ἐπιμηχανήσεσθαι.
822 1947 928 1985 IENS.
950 1944 1332 1998 Ἐπιμηχεινῆσεσῧοιι
1345 1943 1456 1984 Iensti
1471 1945 1691 1985 emendatio

428 1999 492 2038 est.
507 1998 550 2038 In
565 2000 669 2040 libris
682 1999 818 2039 nostris
829 2000 1012 2039 omnibus
1024 2000 1242 2041 ἐ-σασῦαι
1259 1999 1465 2051 legebatur.
1484 1998 1644 2039 SOLAN.

482 2056 554 2092 ead.
569 2055 589 2090 l.
607 2068 666 2107 13.
682 2051 759 2092 Οὐκ
769 2050 885 2106 οἰδα)
905 2054 994 2093 Non
1015 2053 1114 2093 solus
1129 2054 1317 2092 Lucianus
1331 2055 1421 2092 haec
1433 2052 1617 2092 dicentem
1633 2053 1688 2092 in-

427 2107 533 2146 ducit
544 2107 776 2157 Apollinem.
789 2107 1040 2148 Graviflimus
1053 2110 1169 2159 poeta
1183 2107 1376 2147 Homerus
1387 2105 1522 2158 Odyff.
1536 2112 1583 2155 Θ,
1597 2107 1688 2160 336,

426 2161 555 2200 eadem
573 2161 688 2201 ferme
710 2161 842 2209 habet3
859 2175 985 2214 eoque
1000 2162 1118 2200 credo
1143 2160 1283 2200 farsi-um
1298 2191 1309 2206 ‚
1333 2171 1375 2199 ut
1387 2160 1600 2209 Lucianus,
1618 2161 1687 2214 qui

426 2228 514 2253 eum
531 2228 721 2267 perpetuo
735 2214 922 2267 suggillat,
941 2215 1149 2268 Dialogum
1171 2214 1285 2255 XVII
1301 2214 1493 2267 scripserit.
1509 2213 1687 2254 Iocosior

423 2268 590 2362 &viduis
602 2269 638 2309 δι
656 2283 677 2309 a
698 2283 779 2322 quo
793 2269 881 2309 talia
895 2268 1087 2323 exspe&es
1099 2268 1123 2308 l.
1142 2281 1174 2308 c.
1193 2268 1232 2308 δι
1254 2268 1290 2308 ΙΙ
1310 2269 1355 2307 de
1377 2268 1475 2308 Arte
1488 2267 1581 2308 Am.
1600 2269 1701 2322 ςόι.ρ

451 2332 580 2362 oLAN.

483 2377 570 2426 pag.
583 2377 647 2424 46.
659 2377 682 2414 l.
697 2391 734 2422 7.
757 2376 1099 2426 Κατακεκόσμηκεν
1113 2375 1131 2430 )
1145 2375 1247 2415 Vide
1268 2380 1362 2415 Θυσ.
1385 2387 1419 2416 c.
1444 2374 1468 2414 8
1480 2405 1491 2424 ,
1511 2375 1552 2415 &
1564 2374 1686 2416 Ovid-

425 2429 518 2470 Met.
539 2430 573 2469 ΙΙ
586 2432 664 2469 init.
679 2430 836 2470 serm.

477 2487 549 2523 ead.
567 2485 590 2522 l.
607 2483 642 2523 8.
661 2484 932 2534 Σπουὸέιζεται
952 2486 1042 2534 ’,πρὸς
1059 2480 1204 2535 αὗτῆς)
1224 2481 1318 2535 Qua
1340 2482 1467 2522 fronte
1489 2482 1686 2522 Lucianus

418 2537 607 2579 Iunonem
621 2538 680 2578 hic
699 2538 841 2578 inducit
859 2538 1102 2588 afferentem,
1123 2537 1344 2578 Vulcanum
1364 2549 1385 2577 a
1400 2537 1557 2578 Venere
1580 2536 1685 2591 diligi
