1748 3420
115 222 192 266 IN
226 217 630 266 DIALOGOS
668 218 1177 268 MORTUORUM.
1219 234 1308 285 507

30 306 148 354 ⁴scuius
157 319 232 359 ego
241 306 444 347 sententiae
453 307 612 346 libenter
623 305 827 347 subscribo.
835 309 934 348 Vide
943 309 1121 362 Salvagn.
1132 311 1177 349 ad
1187 310 1314 351 Ovids

23 360 96 404 “fIb.
112 375 149 400 v,
167 373 256 412 599,
269 361 421 412 Menag.
435 361 480 399 ad
491 360 655 413 Diogen.
669 362 709 399 L.
723 361 814 400 Vlll
826 393 838 408 ,
849 364 911 413 69.
931 363 1001 409 Iis,
1017 365 1081 415 qui
1099 365 1310 417 Ulpianum

39 413 81 453 L.
104 414 149 461 6,
173 414 188 462 §
205 428 230 463 7
245 414 297 453 D.
321 416 365 452 de
389 414 450 452 ini.
473 425 573 466 rupt.
587 414 626 453 «Sc
640 415 702 453 irr.
720 414 798 454 test.
815 418 859 454 ad
877 416 1146 468 Empedoclem
1163 418 1313 469 potiili-

40 480 146 507 mum
163 466 360 520 respexisse
372 466 613 515 censuerunt,
624 467 813 507 calculum
826 469 960 508 adiecit
978 470 1013 508 Ρ.
1032 470 1152 509 Faber
1165 472 1262 510 Sem.
1279 471 1314 520 I,

40 533 74 563 c.
94 533 151 566 10,
165 534 250 573 pag.
267 534 324 572 50.
338 533 506 573 quorum
521 532 646 560 tamen
661 522 884 573 opinionem
902 524 1056 562 minime
1070 525 1311 576 probandam

0 595 1 601 κ
39 573 236 614 existimo:
263 575 334 613 hos
361 574 530 613 eruditos
552 574 727 614 homines
749 575 906 614 Luciam
922 575 1007 615 loca
1022 590 1102 615 non
1116 577 1315 630 fugerunt.

0 621 1 662 Ϊ
35 627 93 667 Ut
110 638 235 666 autem
253 627 493 680 Empedoclis
507 627 716 678 κενοέοξίαν
732 628 871 667 Noster
883 630 1063 681 exagitat,
1083 630 1132 670 fic
1146 644 1225 670 non
1240 633 1312 670 mi-

22 693 112 727 ⁴nus
126 682 277 728 acriter,
289 681 357 720 hac
371 682 520 734 quidem
536 682 573 719 in
586 680 696 721 causa
705 682 796 720 nihil
808 681 1037 730 dissentiens,
1051 683 1217 736 Gregor.
1230 685 1311 724 Na-

37 735 155 779 zianz.
166 735 203 772 in
216 735 364 774 Anecd.
377 736 581 775 Muratorii
596 735 725 787 Epigr.
742 735 806 784 84,
822 736 842 773 8
854 749 886 786 5,
903 737 943 775 &
958 736 1078 775 Stelit.
1096 737 1125 784 l,
1142 751 1227 789 pag.
1247 748 1312 790 3¹.¹

37 787 215 840 Longum
234 787 335 828 foret
350 799 502 827 ceteros
515 787 681 827 eiusdem
693 792 816 841 gregis
829 789 1040 835 recensere,
1059 791 1197 843 quibus
1208 793 1310 832 hunc

37 841 74 884 in
90 854 267 895 campum
282 841 482 894 exspatiari
496 843 687 894 voluptati
701 841 782 880 fuit.
806 843 972 881 HEMST.

91 897 163 935 ead.
184 898 208 935 l.
236 910 296 948 13.
319 895 545 944 Χαλκόπου)
571 898 648 935 At&
668 897 731 935 τὴν
757 896 923 947 mmmdcc.
943 895 1108 948 χαλκῆν.
1138 896 1313 938 inferius-¹

15 964 18 965 ⁷
38 948 206 991 GUYET.

42 1037 49 1040 .
89 1006 127 1041 ἰιι
143 1004 257 1042 schol.
277 1004 338 1042 col.
359 1016 389 1042 1.
409 1004 433 1042 l.
452 1017 486 1042 2.
511 999 592 1055 Αῗς)
616 1002 682 1042 Ed.
700 1002 749 1042 A.
769 1000 835 1050 οῖς,
855 1003 961 1055 quod
976 1003 1200 1043 mutandum
1213 1012 1314 1045 erat-⁴

37 1056 144 1097 Tum
163 1056 249 1095 satis
264 1057 488 1096 inconcinne
503 1057 594 1095 dixit
610 1059 748 1102 βωλᾶς
764 1055 1310 1109 ›coeno-›cehoegovffszbarumsbr-

40 1110 330 1160 titionefi‘natores
345 1112 511 1150 creabant.
526 1110 588 1149 De
604 1112 761 1160 κυάμοις
771 1110 868 1161 lege,
882 1123 980 1162 quae
996 1110 1086 1149 olim
1102 1124 1191 1150 cum
1204 1125 1315 1165 prae·

37 1164 188 1204 stantiff.
199 1163 366 1204 Kustero
377 1165 749 1204 communicavimus
760 1164 804 1203 ad
815 1163 1008 1203 lamblich.
1020 1164 1066 1204 de
1078 1166 1129 1204 V.
1140 1165 1176 1204 P.
1191 1167 1206 1215 ᾖ
1221 1167 1311 1207 260.

38 1219 204 1259 HEMST.

95 1273 187 1324 Pag.
200 1285 287 1325 205.
305 1273 327 1311 l.
340 1271 562 1324 2.Ἀνάξιον)
577 1272 716 1318 Miror,
730 1271 828 1311 inter
843 1281 902 1311 tot
916 1272 1026 1311 viros
1041 1271 1176 1312 doelos
1191 1274 1314 1313 nemi..

38 1339 123 1366 nem
145 1337 339 1378 repertum
352 1356 363 1371 ‚
385 1327 445 1365 cui
465 1327 643 1366 mendum
656 1326 900 1377 vulgatarum
913 1326 993 1364 edd.
1011 1339 1111 1378 quae
1125 1328 1187 1366 hic
1202 1329 1312 1379 ἀξιον

35 1379 188 1432 legunt,
203 1378 423 1419 suboluerit.
446 1380 512 1419 Ed.
529 1380 557 1418 I.
574 1378 738 1431 ἀνάξιον,
754 1391 796 1419 ut
810 1381 867 1419 edi
883 1381 1118 1420 curavimus.
1139 1381 1178 1420 P.
1190 1383 1308 1421 etiam

38 1433 80 1472 ἃ
94 1433 337 1473 L.&1ens1us
358 1433 433 1486 ipse
455 1434 657 1486 genuinam
675 1432 748 1472 effe
760 1434 964 1473 lechonem
980 1434 1225 1474 demonstrat.
1248 1436 1310 1475 Sic

36 1487 229 1528 Lucianus
247 1487 356 1540 loqui
372 1499 474 1526 amat
491 1501 499 1528 :
528 1488 603 1527 vid.
619 1493 767 1540 Συγγρ.
779 1501 810 1527 c.
826 1488 896 1534 26,
913 1488 954 1527 &
966 1487 1036 1526 Ἔτ.
1051 1494 1099 1526 Δ.
1114 1489 1223 1527 le.
1244 1489 1317 1529 De

37 1541 277 1595 Empedoclis
296 1543 453 1581 interitu
468 1542 597 1581 variae
609 1540 693 1581 sunt
705 1540 928 1580 sententiae:
944 1541 1031 1580 vide
1046 1541 1168 1581 Sti-ab.
1182 1541 1256 1590 VI,
1271 1558 1311 1596 p.

36 1610 74 1648 p.
93 1609 182 1644 274‚
195 1595 313 1648 Diog.
328 1596 452 1636 Laert.
469 1610 504 1649 p.
523 1609 612 1648 230,
628 1597 792 1635 Kennet.
809 1596 847 1634 δι
860 1594 1043 1634 Cler.-Ar.
1054 1595 1147 1635 Crit.
1163 1610 1200 1648 p.
1217 1612 1261 1636 22
1273 1613 1287 1636 1
1298 1628 1313 1643 ‚

36 1649 138 1690 Suid.
152 1664 190 1688 v.
202 1650 401 1700 Ἀμύκλαι.
415 1649 515 1689 Vide
530 1654 612 1701 Περ.
628 1662 662 1688 c.
682 1663 712 1695 1,
732 1649 797 1688 ubi
821 1649 940 1700 magis
956 1650 1129 1701 graviter
1143 1651 1209 1688 ista
1232 1661 1314 1690 tra-

36 1703 206 1743 &antum
228 1704 499 1756 Empedoclem
513 1703 614 1742 enim
637 1704 710 1742 illic
728 1700 876 1742 videbis
894 1703 1011 1741 latere
1025 1703 1186 1743 voluiffe
1205 1704 1312 1744 suam

36 1768 202 1797 mortem
213 1772 224 1805 3
237 1771 388 1804 verum,
401 1758 506 1810 quod
515 1770 561 1796 ex
569 1757 650 1796 aliis
660 1756 846 1803 discimus,
858 1755 938 1796 five
949 1756 1007 1796 vis
1017 1757 1126 1808 ignis,
1139 1756 1203 1797 seu
1216 1758 1313 1802 alius

36 1812 171 1864 aliquis
187 1811 295 1851 casus
307 1813 497 1863 crepidam
510 1812 592 1850 eius
605 1824 751 1850 aeream
769 1810 951 1863 prodidit,
969 1823 1069 1862 quae
1087 1824 1167 1850 rem
1188 1823 1314 1852 totam.

35 1866 195 1919 aperuit.
219 1864 404 1904 Fabulam
425 1865 498 1905 effe
519 1863 642 1904 censet
660 1864 853 1904 Dacerius
871 1865 918 1902 ad
943 1862 1082 1903 Horat.
1098 1866 1183 1904 Art.
1202 1867 1317 1906 Poet-

36 1920 130 1967 461;
144 1932 246 1972 quae
260 1920 374 1958 etiam
386 1919 436 1958 T.
452 1919 564 1958 Fabri
578 1917 761 1958 sententia
772 1918 837 1963 est,
853 1930 970 1970 quam
987 1918 1025 1956 in
1038 1929 1133 1957 nota
1145 1920 1189 1958 ad
1204 1921 1313 1960 illurn

36 1974 83 2013 de
96 1972 288 2025 Peregrini
304 1984 428 2013 morte
441 1973 570 2013 locum
583 1973 685 2020 vide,
706 1972 760 2019 δι,
785 1972 813 2011 s1
829 1972 880 2010 ita
902 1973 1066 2019 videtur,
1085 1974 1130 2011 ad
1150 1986 1316 2017 examen

36 2040 194 2067 revoca.
206 2027 363 2067 SOLAN.
382 2027 588 2066 Utrumvis
600 2037 695 2075 erat,
709 2027 904 2079 flagitante
919 2025 1113 2073 sententia,
1126 2029 1320 2081 recipien-

36 2082 142 2128 dum,
157 2081 221 2121 vel
233 2080 351 2132 ἀξιον,
366 2080 430 2120 vel
447 2078 510 2120 οὐκ,
526 2080 677 2131 ἀνάξιον
688 2081 790 2119 ’όντομ
812 2081 943 2119 Nonn.
957 2086 1103 2133 Συναγ.
1121 2081 1208 2121 Ἶστ.
1226 2096 1315 2135 pag.

41 2148 132 2181 127,
148 2136 318 2174 κατεκάη
334 2134 379 2172 J&
398 2135 449 2178 εἰς
463 2135 570 2175 τέλος
582 2134 870 2188 (Empedocles)
889 2134 1002 2186 ἀξίως
1015 2134 1081 2175 τῆς
1101 2135 1238 2176 οἰκείοις
1252 2152 1317 2180 neq

36 2188 218 2240 νοέοξίιις.
244 2190 408 2228 HEMST,

40 2276 42 2278 .
89 2245 166 2281 ead.
180 2244 204 2281 l.
224 2257 237 2281 1
248 2258 281 2283 2.
298 2246 362 2281 Τον
378 2242 622 2295 σιμὸνλέγω)
637 2242 838 2282 Saneludit
849 2242 1077 2295 pervenuste
1090 2243 1316 2296 Menippus}

37 2309 181 2350 easque
194 2295 343 2336 formae
357 2307 482 2342 notaS‚
495 2296 649 2348 quibus,
664 2298 720 2335 uti
734 2297 870 2335 vivum
883 2307 1033 2336 veteres
1043 2296 1228 2343 solebant,
1242 2299 1314 2338 So-

36 2363 182 2391 cratem
193 2352 347 2390 Aeacus
366 2350 562 2396 describit,
585 2350 677 2389 nihil
696 2350 743 2389 ad
756 2363 843 2390 eum
857 2349 1143 2390 discernendum
1162 2352 1310 2401 valere,

36 2404 99 2444 sed
116 2405 297 2445 omnibus
316 2417 438 2456 aeque
456 2404 621 2443 mortuis
643 2403 717 2443 effe
735 2417 973 2451 communes,
995 2405 1158 2444 iocatur.
1184 2405 1315 2446 Simus

38 2469 120 2497 erat
140 2459 316 2499 Socrates
331 2459 427 2497 inter
446 2457 605 2510 superos
620 2458 657 2497 δι
671 2458 816 2505 calvus,
837 2471 999 2511 eamque
1020 2459 1074 2498 ob
1086 2458 1238 2498 causam
1257 2460 1318 2499 Si-

37 2512 128 2554 leno
145 2523 409 2567 comparatur:
435 2512 563 2553 Schol.
580 2511 773 2566 Aristoph.
787 2513 833 2551 ad
853 2512 956 2552 Nub.
973 2526 1013 2555 v.
1033 2527 1104 2566 223
1120 2541 1131 2560 ,
1155 2513 1316 2566 ἐλέγετο
