1748 3420
34 181 45 203 Ι

140 199 219 244 ΙΝ
252 196 657 245 DIALOGOS
694 198 1207 245 MORTUORUM.
1243 216 1337 262 407

116 287 190 325 ead.
210 285 235 323 l.
258 297 289 337 5.
307 284 557 326 Ἐκλελῦσὲῐοιι
575 282 730 336 αὐτοὺς)
751 285 832 324 Iam
848 296 955 333 tum,
974 288 1133 340 quando
1147 288 1337 330 vetustior

27 364 33 377 i
59 337 268 390 Menippus
281 340 416 378 eratin
441 341 570 386 vivis,
592 340 987 380 Lacedaemoniorum
1001 355 1128 381 mores
1141 342 1338 396 Diogeni,

33 395 35 397 '
61 392 207 452 quippe
226 390 347 431 seetae
361 392 527 433 durioris
543 391 794 445 philosopho,
809 393 890 433 iure
902 395 1025 434 videri
1042 406 1221 446 poterant
1242 396 1337 438 effe·

58 456 216 493 minati,
241 458 263 484 a
288 444 508 498 severisque
535 447 707 499 Lycurgi
734 447 910 486 institutis
938 448 1054 500 longe
1078 449 1333 491 discedentes:

20 506 25 525 ·’
58 511 146 537 narn
168 498 251 551 post
264 499 436 539 Athenas
450 499 640 546 devittas,
663 513 750 540 cum
768 500 1015 552 voluptatum
1041 502 1263 542 desiderium
1293 504 1335 545 &

57 552 216 592 divitiae
228 553 422 592 luxuriam
442 565 557 606 atque
570 555 768 593 avaritiam
783 554 1011 594 invexissent
1022 585 1033 602 ‚
1056 555 1186 596 labare
1198 558 1334 609 paula-

24 611 25 614 ’
57 606 125 644 tim
139 607 267 659 coepit
285 606 438 658 pristina
452 607 667 660 disciplina,
686 608 726 647 δι
742 608 847 647 vitiis
861 608 977 647 indies
996 608 1253 650 crescentibus
1273 612 1332 652 lo-

17 690 20 699 .
56 671 148 699 cum
164 661 319 700 cedere:
341 674 419 713 qua
439 661 485 700 de
506 675 546 700 re
568 661 681 701 docet
703 661 892 701 Plutarch.
907 662 946 700 in
960 663 1013 702 V.
1027 661 1102 714 Ag.
1123 663 1163 702 δι
1177 663 1330 705 Cleom-

55 727 95 766 p.
109 715 188 766 796
201 713 247 753 C.
270 727 349 766 797
362 713 407 754 C.
429 715 575 754 Exinde
596 728 777 767 praeceps
800 715 873 755 ivit
895 715 1103 768 Spartanae
1124 716 1334 758 nobilitatis

55 767 185 815 decus,
199 780 323 820 neque
338 781 508 820 unquam
519 798 531 814 ,
543 770 726 822 quidquid
743 768 898 808 subinde
913 770 1024 823 pauci
1043 771 1235 809 maiorum
1250 772 1333 810 vir-

55 822 149 860 tutis
172 834 330 873 capaces
348 820 491 860 fuerint
512 824 661 869 conati,
682 824 850 874 priorem
872 824 910 862 in
926 824 1086 874 gradum
1102 823 1242 863 restitui
1260 838 1332 876 po-

54 875 142 913 tuit.
167 874 380 914 Clearchus
392 875 556 915 Solensis
568 905 578 922 ,
594 876 809 915 Aristotelis
825 876 1027 928 discipuius
1038 907 1051 923 ,
1071 878 1174 930 apud
1186 877 1329 919 Athen.

54 928 150 974 XV,
165 941 248 980 pag.
264 928 336 967 681
357 928 403 968 C.
425 940 616 968 memorat
630 929 963 980 Λακεὸοιιμονίους,
980 929 1013 969 οἱ
1028 933 1088 970 τὸν
1100 930 1329 971 παλαιότα-

53 996 120 1021 τον
133 981 199 1022 τῆς
212 983 409 1023 πολιτικῆς
427 984 564 1032 κόσμον
581 981 912 1034 συμπατήσαντες
925 982 1329 1035 ἑξετροιχηλίο-ὒησιιν.

0 1063 1 1074 i
53 1036 163 1076 Haec
174 1035 226 1075 est
240 1035 368 1082 causa,
379 1050 450 1077 cur
462 1037 504 1076 δι
518 1037 631 1077 huius
645 1037 888 1078 &inferioris
903 1038 1037 1077 aetatis
1051 1037 1253 1091 scriptores
1263 1039 1328 1079 τὴν

51 1090 163 1130 πόλιν
181 1090 246 1129 τὴν
260 1092 436 1129 παλαιὰν
446 1103 535 1130 eum
547 1091 584 1129 in
596 1091 754 1131 modum
775 1091 884 1144 saepe
897 1091 1072 1140 laudent,
1096 1103 1139 1131 ut
1157 1103 1326 1132 mutatae

52 1156 100 1183 ac
115 1143 281 1197 perditae
296 1155 515 1197 opponant:
536 1144 659 1184 Clem.
678 1145 791 1185 Alex.
805 1145 958 1185 Paed.II
971 1176 982 1194 ‚
1002 1160 1038 1198 p.
1056 1159 1130 1198 199
1146 1141 1326 1200 CD'Ayae-

50 1212 125 1248 μαι
139 1196 211 1236 τῶν
226 1197 720 1249 Λακεδαιμονίωντίινπόλιν
731 1198 916 1239 «παλαιάν.
934 1199 1059 1252 Quod
1075 1199 1102 1237 sl
1116 1200 1161 1238 ad
1173 1211 1325 1253 tempus

51 1251 167 1292 serius
182 1251 397 1299 descendas,
410 1252 501 1291 nihil
512 1252 566 1292 est
579 1253 633 1292 his
644 1253 732 1306 ipsis
743 1253 1067 1301 Lacedaemoniis,
1078 1255 1247 1293 maxima
1259 1253 1327 1293 sal-

53 1317 130 1345 tem
145 1319 281 1345 eorum
298 1316 419 1358 parte,
435 1306 687 1360 inquinatius:
712 1308 799 1346 vide
813 1306 984 1346 Philostr.
1000 1309 1052 1346 V.
1069 1306 1118 1346 A.
1130 1307 1179 1346 Τ.
1195 1308 1269 1355 IV,
1290 1321 1326 1348 c.

53 1374 116 1409 27.
131 1360 274 1412 Arguti
294 1359 419 1399 sensus
439 1360 493 1399 est
514 1360 714 1413 Apollonii
733 1360 950 1413 Tyanenfis
963 1361 1120 1413 epistola
1133 1361 1255 1400 LXIII
1274 1362 1324 1400 ad

51 1413 231 1467 Ephoros
243 1445 254 1461 ,
277 1427 353 1467 qua
369 1413 497 1454 miffos
518 1415 563 1454 ad
577 1414 614 1454 se
631 1416 737 1454 viros
751 1415 913 1454 ostendit
928 1415 975 1454 ab
997 1415 1129 1454 habitu
1148 1415 1324 1469 corporis

51 1469 94 1508 δι
111 1467 250 1507 vestitu
269 1467 488 1508 molliffimo
509 1482 581 1522 pro
603 1469 917 1508 Lacedaemoniis
939 1469 1160 1508 habiturum
1180 1468 1217 1508 se
1239 1481 1322 1508 non

50 1519 179 1571 fuiffe,
201 1521 270 1560 nisi
283 1522 440 1561 traditae
453 1522 585 1563 literae
596 1522 920 1563 Lacedaemonios
932 1522 1189 1562 declarassent.
1212 1522 1321 1563 Patet

49 1577 179 1630 igitur,
198 1577 331 1628 quanti
345 1575 389 1615 fit
403 1576 575 1617 facienda
585 1577 731 1616 Olearii
751 1576 912 1630 suspicio
925 1577 971 1615 ad
984 1576 1159 1615 Philostr.
1177 1591 1211 1628 p.
1231 1577 1322 1623 164,

49 1644 88 1672 n.
107 1644 142 1683 5,
157 1631 317 1669 iuniorem
332 1631 534 1684 Menippum
549 1630 628 1682 ff,
641 1632 699 1683 qui
710 1631 829 1684 paffim
842 1647 864 1669 a
880 1630 1271 1682 Lucianoperstriszgimr
1282 1631 1320 1669 in

49 1687 269 1724 Mortuorum
279 1685 462 1736 Dialogis‚
482 1685 579 1738 idque
584 1688 722 1738 prodere
740 1685 844 1723 videri
855 1685 988 1723 initium
1000 1684 1103 1736 primi
1113 1699 1224 1722 eorum
1242 1684 1319 1722 dia-

49 1740 211 1792 logorum.
227 1739 415 1785 Praeterea,
431 1739 573 1791 inquit,
585 1739 766 1790 subfinem
777 1738 924 1791 Dialogi
935 1738 1030 1776 illius
1042 1738 1216 1788 Diogenes
1231 1737 1320 1776 Pol-

49 1794 120 1833 luci
136 1793 305 1846 iniungit,
324 1805 365 1832 ut
377 1793 550 1846 Asem'ppo'
553 1794 764 1846 praecipiat,
782 1792 1064 1832 Lacedaemonios
1078 1793 1120 1829 ob
1143 1803 1320 1842 corruptos

51 1863 160 1888 mores
173 1859 212 1886 ut
223 1848 450 1900 reprehendat,
463 1850 556 1899 quod
566 1847 622 1886 his
631 1848 833 1900 temporibus
843 1844 1206 1896 convenientiusfbrte,
1216 1860 1318 1898 quam

51 1902 211 1954 Menippi
232 1901 442 1954 antiquioris.
468 1901 549 1941 Vix
574 1901 640 1940 tibi
662 1900 906 1953 persuadeas,
925 1910 1105 1940 accurate
1125 1898 1319 1951 Dialogos

47 1955 140 1995 istos
149 1968 236 1994 eum
250 1955 459 2008 perlegisse,
472 1956 540 2008 qui
550 1955 777 2009 Menippum
794 1955 846 1994 ibi
861 1952 994 2008 paffim
1007 1967 1029 1993 a
1041 1953 1217 1993 Luciano
1232 1966 1320 2005 per·

47 2008 179 2062 stringi
193 2009 331 2049 statuit.
356 2010 520 2048 HEMST.

105 2066 179 2102 ead.
193 2065 217 2102 l.
234 2077 293 2114 25.
308 2061 609 2116 Μετοικῆσωμεν)
622 2064 710 2102 Alio
725 2063 919 2115 migremus:
932 2057 1204 2113 μετοικήσομεν
1217 2073 1318 2099 men·

49 2116 180 2157 dosam
205 2117 407 2157 leffionem
426 2116 580 2157 secutus
603 2116 656 2157 est
681 2118 821 2169 interp.
845 2117 1018 2156 BOURD.
1042 2115 1318 2164 Μετοικήσομεν

50 2171 124 2211 Ms.
145 2171 224 2211 Ox.
240 2172 380 2211 ed.B2.
396 2173 464 2210 W.
478 2171 531 2210 St.
544 2172 584 2209 ἃ
600 2170 744 2210 Hemst.
762 2171 915 2217 melius,
935 2183 1052 2222 quam
1070 2169 1178 2222 quod
1195 2169 1233 2207 in
1259 2181 1320 2208 re-

48 2225 162 2279 liquis
174 2225 227 2265 est
237 2222 525 2276 μετοικῆσωμεν.
544 2225 701 2265 SOLAN.
723 2225 816 2264 Non
834 2224 887 2264 est
901 2223 1120 2263 fastidienda
1136 2223 1249 2276 plane
1263 2223 1320 2261 le-

49 2279 131 2319 &io
144 2279 394 2333 plurimarum
405 2279 487 2318 edd.
498 2276 787 2330 μετοικήσωμεν,
800 2291 846 2318 ac
860 2277 887 2317 s1
900 2278 1040 2326 dicant,
1048 2292 1131 2329 pace
1146 2290 1206 2315 tua
1221 2276 1321 2316 liceat

49 2335 147 2374 nobis
157 2335 226 2372 alio
240 2335 402 2387 migrare.-
426 2346 514 2373 nam
528 2333 569 2372 &
581 2333 699 2372 modo
713 2343 946 2386 rogaverant
959 2331 1176 2377 Plutonem,
1192 2330 1210 2368 33
1225 2329 1319 2369 ἐκεῖ·

52 2387 109 2429 νόν
125 2404 188 2428 ποι
201 2388 460 2428 κατάστησον.
481 2387 574 2426 Non
593 2388 759 2427 multum
770 2385 910 2434 refert,
928 2396 1057 2426 utrum
1071 2383 1317 2437 praetuleris:

53 2441 171 2482 malui
193 2452 319 2481 tamen
330 2472 342 2487 ,
361 2442 466 2495 quod
483 2442 687 2494 interprete
701 2440 846 2480 reieao
858 2438 1080 2480 mendosum
1095 2436 1318 2492 pronuntiat

53 2495 139 2536 Bou
145 2496 339 2548 rdelorius,
345 2493 629 2550 μετοικήσομεν·
637 2495 731 2539 haec
739 2494 839 2539 enim
851 2493 958 2549 quasi
959 2493 1224 2589 {omminatio
1236 2503 1320 2531 mu-

1005 2559 1026 2588 e
1052 2561 1080 2602 ,4
