1748 3420
187 218 274 266 IN
325 217 765 268 DIALoeos
820 220 1183 270 DEORUM.
1235 225 1326 291 289

58 307 137 402 ξιξ,
167 307 299 349 iocose
326 319 439 362 negat
463 322 634 362 unquam
660 308 697 348 se
716 322 805 349 cum
829 310 1058 361 Hyacintho
1079 313 1328 367 comparasse.

107 374 228 401 EMST.

113 418 204 470 Pag.
221 428 284 464 42.
301 416 325 456 l.
342 426 374 454 1.
390 416 504 469 Λόγον
515 417 532 465 )
545 415 633 455 Sola
651 416 708 454 ed.
727 417 756 453 I.
773 415 836 454 hic
850 415 982 468 τρέπου
997 418 1123 459 habet.
1139 421 1328 473 Reliquae

61 469 103 508 &
132 469 207 521 ipsa
229 468 331 510 Coll.
363 469 493 523 λόγον,
516 471 622 524 quod
647 480 691 509 ut
717 482 798 508 non
825 469 1045 523 infrequens
1078 472 1328 515 servavimus.

60 523 221 563 SOLAN.

114 579 188 616 ead.
203 578 227 616 l.
246 591 280 629 3.
301 576 343 616 ‘O
362 576 406 616 s&
421 576 596 617 κάκιστα
616 575 758 627 ἀνέμων
781 575 1033 626 ἀπολούμενος
1056 580 1204 631 Ζέφυρος
1223 581 1327 636 &c.)

58 628 187 678 Patet,
212 632 252 670 in
272 630 329 669 his
352 632 484 670 verbis
504 630 578 670 effe
599 629 851 675 ἀνακόλουθον,
869 631 976 681 quod
1000 631 1110 683 plane
1133 635 1216 672 tolli
1240 649 1329 687 pot-

60 683 116 723 est
127 714 141 730 ,
158 682 187 723 s1
198 714 211 731 ‚
232 696 274 724 ut
289 684 343 723 est
353 685 391 723 in
406 685 492 723 edit.
512 683 621 724 Bafil.
637 695 756 736 ponas
769 685 953 734 pun&um
971 685 1054 736 post
1067 698 1208 725 vocem
1223 687 1330 742 ὑπερ-

62 736 189 788 οψίαν.
204 739 322 790 Atque
332 753 390 790 ego
401 752 474 777 cum
485 738 542 776 illo
557 739 708 776 ludebam
719 737 821 787 disco·
838 738 1080 790 Perditiffimas
1094 755 1171 779 vero
1181 744 1329 782 omnium

59 804 230 831 ¹vernorum
246 793 430 845 Zephyrus
444 793 479 830 ὅ*
491 791 561 843 ips}
583 793 778 830 iamdudum
800 793 960 838 amabat,
992 793 1051 840 sed
1067 794 1249 844 negleaus,
1269 811 1330 834 ne-

62 860 125 897 que
132 844 248 897 ferens
258 845 542 899 istudfizstidium.
559 848 594 884 E
597 858 638 895 go
653 845 869 895 veroficrfitm
882 845 964 890 ieci,
983 858 1021 884 uc
1031 846 1227 897 fhlebamus
1236 865 1252 895 ‚·
1266 850 1333 901 fid

61 899 118 937 ille
137 898 276 953 spirans
298 901 341 939 ab
365 900 515 953 Taygeto
529 928 539 945 ‚
560 898 794 950 discumillum
814 898 849 936 ἱη
867 911 972 950 caput
992 915 1100 952 puero
1114 901 1258 954 impegit.
1274 903 1330 942 At

60 952 255 993 Graevius
272 966 319 993 ex
335 952 407 992 Ms.
429 952 514 1006 post
528 953 685 991 eandem
708 952 806 991 hanc
822 964 961 991 vocem
985 954 1091 993 locat
1113 955 1331 1004 ἐβούλευσε,

61 1008 242 1057 insidiatus
255 1010 297 1060 est
307 1024 318 1047 :
337 1008 377 1046 &
390 1019 491 1047 cette
509 1006 544 1045 id
561 1006 710 1046 videtur
724 1006 888 1058 requiri;
910 1005 971 1045 sed
987 1020 1081 1060 puto
1098 1009 1193 1048 vitio
1210 1020 1331 1063 typo-

63 1061 191 1100 thetae
205 1060 313 1101 secus
331 1061 368 1099 id
382 1073 452 1114 pro
466 1060 710 1105 ἐπεβούλευσε
722 1058 901 1099 excusum
918 1060 1001 1099 effe.
1019 1060 1124 1100 IENs.

116 1118 189 1153 ead.
207 1115 229 1152 l.
245 1129 281 1163 4.
298 1115 560 1165 Ἀμελοιῖμενος
577 1113 621 1152 δὲ
636 1113 698 1151 καὶ
711 1113 763 1162 μὴ
784 1113 920 1165 φέρων)
936 1115 1054 1154 Vides
1070 1116 1232 1168 pendere
1251 1116 1332 1157 sen-

62 1167 166 1216 sum,
189 1168 333 1208 &nihil
347 1167 421 1208 effe
436 1198 448 1215 ,
469 1168 516 1206 ad
531 1167 636 1220 quod
653 1166 837 1207 referatur
859 1167 1109 1219 ἀμελούμενος
1132 1170 1177 1210 s&
1198 1170 1262 1210 καὶ
1275 1171 1330 1221 μὴ

63 1221 190 1273 φέρων,
209 1222 281 1262 Sed
303 1221 436 1262 omiffa
461 1222 514 1261 est
541 1234 644 1270 vox,
665 1234 713 1259 ex
738 1220 808 1260 Ms.
834 1221 1082 1262 restituenda:
1107 1222 1173 1276 ἰὶρ-ν,
1192 1225 1260 1274 μὲν
1290 1225 1333 1264 ἐκ.

63 1273 210 1315 πολλοῦ
222 1276 285 1315 καὶ
302 1277 430 1324 αὐτὸς,
443 1276 695 1326 ἀμελούμενος
710 1274 755 1314 s&
771 1275 834 1314 noel
846 1274 900 1326 μὴ
922 1277 1035 1327 φέρων
1049 1278 1111 1316 τὴν
1127 1277 1334 1329 ὑπεροψίαν

58 1328 259 1374 ἐβούλευσε
270 1361 282 1377 ,
301 1329 379 1383 ἐγὼ
390 1331 457 1381 μὲν
472 1332 546 1369 διε.
562 1331 756 1369 iamdudum
775 1330 874 1368 etiam
888 1329 923 1367 δ’
936 1330 1006 1382 ipse
1021 1333 1162 1371 amabat
1173 1363 1184 1381 ,
1202 1332 1269 1383 sed
1278 1348 1334 1372 ne-

60 1385 187 1435 gleHus
201 1385 236 1422 ὃ»
248 1383 437 1435 nonferens
449 1384 626 1438 fizstidium
639 1384 777 1435 infidias
789 1384 928 1436 struxit.
946 1383 1120 1424 GRAEV.

62 1474 66 1478 .
118 1438 198 1477 ibid.
213 1439 282 1478 Tim
299 1433 506 1489 ὑπεροψίαν
522 1439 537 1491 )
562 1438 700 1477 Lenire
720 1437 847 1476 voluit
866 1437 1101 1489 asperitatem
1124 1440 1308 1481 orationis
1321 1472 1334 1490 ,

65 1502 110 1531 ut
121 1492 340 1539 videbatur,
354 1492 454 1531 male
467 1492 731 1538 cohaerentis,
749 1492 816 1544 qui
830 1492 869 1529 in
881 1490 1029 1531 Codice
1041 1493 1268 1534 Graeviano
1280 1496 1335 1534 in-

64 1545 252 1599 terposuit
276 1546 469 1592 ἑβοὺλευσε
486 1576 499 1593 ,
527 1546 608 1585 sive
627 1547 758 1598 potius
790 1545 1047 1590 ἐπεβούλευσε·
1073 1545 1134 1586 sed
1161 1548 1334 1588 Luciano

66 1600 233 1640 multum
247 1614 402 1645 vereor,
415 1612 459 1640 ut
468 1601 704 1654 approbetur
717 1599 810 1639 haec
821 1599 933 1638 nimis
944 1599 1113 1639 officiosa
1124 1602 1335 1653 diligentia,

66 1667 168 1707 quae
181 1655 375 1708 Apollinis
389 1655 619 1707 indignantis
636 1654 818 1706 impetum
836 1653 1010 1692 narrandi
1026 1654 1188 1694 molesto
1211 1655 1336 1696 traciu

67 1709 243 1748 retardat.
268 1708 366 1748 Sunt
385 1721 489 1748 certe
510 1719 686 1748 veterum
705 1709 741 1746 in
766 1707 910 1757 scriptis
931 1705 1115 1746 eiusmodi
1134 1709 1336 1747 ανακολου.

68 1761 141 1802 θιάι
165 1761 251 1803 satis
265 1762 484 1817 frequentes
497 1794 508 1811 ‚
529 1775 808 1814 nonnunquam
829 1774 896 1814 per
917 1761 1206 1813 incogitantiam
1227 1763 1336 1802 obla-

67 1825 155 1863 tae,
172 1815 283 1870 saepe
305 1817 427 1856 studio
447 1816 660 1870 quaesitae,
685 1816 839 1868 quando
859 1816 905 1854 ad
929 1816 1166 1855 animantiam
1191 1817 1337 1857 oratio-

67 1883 158 1910 nem
177 1884 237 1911 ars
250 1870 450 1911 consuetas
465 1871 672 1910 strufihirae
684 1870 785 1922 leges
800 1880 1050 1909 contemnere
1065 1883 1144 1910 non
1161 1870 1339 1910 reformi-

61 1925 145 1964 dat.
161 1925 252 1965 Hoc
269 1925 411 1978 duplex
435 1938 556 1978 genus
577 1926 779 1978 quomodo
794 1923 1052 1976 dignoscatur,
1066 1924 1253 1977 exemplis
1271 1925 1338 1965 ali-

68 1979 107 2018 bi
127 1979 363 2019 docebimus.
377 1980 542 2019 HEMST.

60 2062 64 2064 -
125 2036 198 2072 ead.
218 2034 243 2073 l.
267 2046 300 2085 5.
322 2033 416 2087 Ἐγὼ
429 2033 498 2083 μὲν
512 2032 712 2086 ἀνέῤῥιψα)
729 2033 876 2072 Locum
891 2031 981 2072 huic
994 2029 1154 2071 similem
1171 2031 1256 2071 vis?
1279 2032 1339 2072 adi

64 2085 177 2127 Dial.
191 2086 322 2140 Apoll.
339 2087 379 2127 δι
392 2087 532 2127 Bacchi
545 2087 610 2126 seu
632 2093 674 2126 Θ.
689 2094 738 2126 Δ.
755 2086 884 2126 XXIII
902 2087 943 2125 &
964 2086 1056 2133 XV,
1079 2086 1120 2125 &
1134 2085 1235 2138 apud
1255 2087 1341 2126 Xe-

27 2164 32 2166 -
69 2140 190 2194 noph.
207 2141 363 2194 Cyrop.
374 2141 435 2181 IV
448 2142 505 2181 ed.
521 2141 573 2181 St.
589 2155 626 2194 p.
643 2140 715 2187 66,
738 2155 800 2189 27.
819 2140 977 2180 SOLAN.

126 2198 201 2234 ead.
218 2196 242 2234 l.
266 2197 303 2236 6.
320 2195 476 2249 Δία-κον)
491 2196 630 2235 Δίσκος
649 2196 738 2248 quid
756 2194 800 2233 fit
818 2196 904 2234 vide
917 2199 1026 2243 Γυμν.
1048 2206 1080 2234 c.
1097 2194 1335 2244 27.VORS'1'.

126 2250 206 2289 ibid.
225 2249 316 2290 Ἀπὸ
335 2247 405 2289 τοῦ
416 2249 618 2302 Ταϋγέτου
636 2248 912 2289 καταπνεύσας
925 2249 988 2288 ἐπὶ
1000 2248 1163 2295 κεφαλὴν
1177 2248 1232 2295 τῷ
1244 2263 1341 2288 παι-

73 2301 138 2350 s),
158 2302 336 2355 ἐνέσεισε)
353 2303 446 2343 Νοη
465 2304 646 2344 debuerat
660 2303 754 2343 haec
772 2301 957 2342 distinffio
969 2315 1019 2342 ex
1038 2302 1204 2341 editione
1217 2302 1341 2342 Bene-

24 2387 25 2390 *
68 2357 163 2398 dieti
182 2357 223 2396 in
244 2357 344 2397 hanc
365 2358 590 2411 propagari,
611 2371 700 2397 cum
717 2358 866 2411 priores
881 2358 1016 2396 melius
1034 2356 1338 2404 καταπνεύσας,

73 2411 139 2451 ἐπὶ
154 2410 318 2459 κεφαλὴν
334 2411 388 2460 τῷ
403 2412 521 2452 ornus)
536 2412 697 2452 ἐνέσεισε
709 2441 722 2457 ,
740 2424 902 2464 eamque
915 2410 1094 2463 sequatur
1108 2410 1144 2447 in
1158 2410 1343 2460 interpre-

75 2464 221 2505 tatione
232 2464 471 2507 Benedietus.
483 2466 629 2506 GRON.
640 2463 709 2504 Τοῦ
720 2468 827 2517 Tau-y
838 2468 920 2504 έτου
932 2464 1101 2504 saniores
1111 2463 1192 2502 edd.
1204 2462 1233 2501 I.
1246 2465 1280 2502 B
1305 2478 1342 2503 2.

29 2520 33 2521 ⁷
71 2520 118 2558 ὃ.
132 2520 185 2559 Α,
201 2519 242 2558 δι
263 2518 341 2572 ipse
356 2519 455 2559 Cod.
471 2519 515 2559 L.
529 2520 571 2560 δι
593 2519 695 2560 Coil.
710 2519 901 2573 Reliquae
916 2522 960 2559 τὸ
973 2521 1188 2610 Ταῦἴετον,
1208 2515 1248 2559 «Sc
1263 2516 1342 2570 ipse

50 2575 54 2579 ”
187 2573 330 2613 Luci-271.
364 2574 442 2615 Vol.
471 2574 521 2614 II.
