1748 3420
437 236 530 284 320
633 211 1508 260 ANNOTATIONES

433 303 562 344 Schol.
578 300 661 341 Cur
671 313 799 341 autem
816 300 1031 353 κερασφόρος
1042 299 1155 339 fuerit
1171 299 1211 339 &
1223 299 1503 354 τραγοσκελὴς,
1519 311 1700 343 commo⁴

433 358 479 395 da
506 357 616 408 plane
640 353 749 394 causa
772 353 848 402 est,
866 355 907 394 &
930 354 1134 407 probabilis
1149 382 1160 399 ,
1181 366 1296 405 quam
1315 366 1339 393 a
1360 366 1478 393 matre
1503 367 1697 407 acceptam

434 410 637 449 Mercurio
659 409 757 461 patri
774 408 955 460 exponit:
974 407 1066 446 haec
1082 405 1204 459 figura
1218 407 1423 459 Aegyptio
1445 409 1551 447 iuxta
1572 409 1612 448 &
1627 421 1700 449 no-

433 463 513 502 stro
537 463 627 501 Pani
652 463 889 508 communis;
914 472 1121 513 utrumque
1149 461 1250 499 enim
1273 461 1461 512 ’γράφουσί
1483 476 1527 500 τε
1553 461 1602 502 sk
1633 463 1701 502 καὶ

432 515 622 570 ’γλύφουσι
637 515 927 568 αἰγοπρόσωπον
943 514 1006 552 καὶ
1022 513 1284 568 τραγοσκελέα
1295 544 1306 560 ,
1325 513 1416 554 teste
1431 515 1635 554 Herodoto
1648 515 1702 562 II,

434 571 510 618 463
526 570 717 621 talemque
731 569 896 608 carmine
911 568 1077 619 depinxit
1094 567 1156 615 Sil.
1175 567 1256 605 Ital.
1277 565 1383 614 XIII,
1406 568 1492 620 326.
1507 569 1610 607 Hinc
1623 569 1701 608 Pan

434 623 589 674 ὃικέρως
602 622 782 676 Tbespidi
797 622 1054 671 Tragicorum
1071 619 1318 660 vetustiffimo
1333 621 1432 672 apud
1452 619 1575 660 Clem.
1587 621 1702 662 Alex.

392 710 395 715 ,
437 677 581 718 Strom.
595 678 650 725 V,
663 689 748 730 pag.
767 689 842 729 370
857 675 910 714 D.
926 684 964 713 at
982 686 1022 713 tu
1037 673 1264 727 Thespidem
1278 673 1440 713 observa
1453 675 1704 727 quadraginta

436 731 500 770 vel
535 731 811 783 quinquaginta
845 729 1044 767 minimum
1083 728 1191 767 annis
1217 740 1384 780 pugnam
1415 727 1704 768 Marathoniam

436 783 673 839 praeceffiffe
686 814 697 829 ‚
716 783 799 835 post
814 795 933 834 quam
947 783 1111 835 primum
1127 782 1318 834 cognitus,
1336 780 1427 820 &in
1441 781 1636 821 civitatem
1649 782 1707 822 fa.

435 839 660 890 miliamque
669 837 849 876 Deorum
860 834 1197 875 numerofiffimam
1208 835 1254 873 ab
1264 833 1561 874 Atheniensibus
1568 834 1705 876 ascitus

436 891 508 931 fuit
524 891 621 930 Pan:
644 891 709 930 vel
723 889 887 941 Thespis
900 890 1014 942 igitur
1030 889 1126 928 ritus
1141 890 1179 927 in
1193 888 1359 927 Arcadia
1375 887 1560 927 solemnes
1573 889 1707 929 descri-

438 944 531 999 psn,
550 946 615 984 vel
641 944 793 984 fabulae
813 942 879 996 ips1
903 943 1067 982 tributae
1094 941 1224 981 falsum
1247 954 1388 981 nornen
1412 942 1708 992 mentiebantur,

437 999 545 1052 quod
561 998 684 1038 voluit
698 999 758 1037 vir
773 998 969 1036 maximus.
987 996 1188 1048 Κεροβέιτου
1202 995 1437 1035 vocabulum
1451 996 1496 1034 ad
1512 1006 1629 1048 caput
1638 997 1708 1036 Pa-

438 1054 497 1092 nis
521 1065 569 1091 an
596 1053 640 1091 ad
660 1053 772 1104 pedes
795 1051 1003 1104 pertineat,
1031 1061 1225 1101 quamque
1249 1050 1433 1088 virtutem
1457 1049 1594 1089 habeat
1614 1063 1709 1104 pro-

437 1107 577 1157 priam,
591 1106 702 1145 valde
718 1103 937 1143 diffentiunt
949 1103 1201 1144 Grammatici
1215 1133 1226 1150 ‚
1245 1115 1344 1155 quos
1356 1102 1440 1155 lege
1452 1103 1498 1141 ad
1509 1102 1709 1157 Aristoph.

439 1160 539 1205 Ran.
554 1173 594 1198 v.
618 1173 714 1212 232:
735 1171 809 1209 ego
831 1159 1031 1211 cornipedem
1054 1156 1209 1196 reddere
1224 1169 1304 1196 non
1316 1169 1476 1196 verear:
1495 1157 1636 1196 excidit
1658 1157 1710 1197 Ε-

440 1214 673 1265 tymologo‚
692 1225 807 1264 quem
823 1212 888 1250 vix
909 1211 986 1257 est,
1005 1222 1046 1250 ut
1065 1210 1276 1262 intelligas,
1295 1209 1363 1248 nist
1384 1208 1596 1264 reposueris
1616 1223 1706 1264 pag.

445 1280 542 1317 504,
565 1280 602 1305 v.
624 1281 670 1312 2,
698 1266 921 1317 Κεροβέιτης,
939 1264 954 1304 ὁ
978 1267 1031 1302 τὰ
1053 1263 1259 1314 ἱικρωτίνριοι
1275 1263 1346 1302 τῶν
1360 1264 1462 1316 ’όρεων
1481 1265 1611 1309 βαίνων
1632 1263 1710 1305 διε.

438 1319 596 1372 κερώνυξ
609 1320 689 1372 pari
705 1320 853 1358 ratione
873 1317 1070 1369 Dionysio
1087 1317 1232 1369 Perleg.
1245 1331 1286 1356 v.
1304 1329 1396 1369 995,
1414 1317 1483 1356 ubi
1498 1318 1628 1357 itidem
1642 1330 1711 1358 ne·

442 1373 521 1413 scio
540 1374 630 1425 quid
649 1372 876 1413 Scholiastes
897 1372 938 1411 δι
960 1371 1173 1411 Eustathius
1199 1372 1392 1410 tricantur.
1417 1370 1525 1410 Plato
1550 1370 1714 1426 superne

440 1428 647 1482 glabellum
667 1426 757 1466 fecit
772 1457 785 1472 ‚
805 1426 947 1479 qualis,
967 1425 1150 1465 inferiore
1173 1423 1301 1464 saltem
1324 1425 1501 1477 corporis
1519 1437 1627 1478 parte
1640 1425 1715 1465 ob-

442 1483 543 1521 teeta
555 1512 566 1530 ‚
589 1480 654 1520 vel
676 1480 889 1533 Penelopae
908 1480 1055 1532 placere
1076 1477 1276 1532 potuisset,
1295 1479 1335 1517 in
1351 1477 1456 1518 Crat.
1472 1490 1558 1532 pag.
1576 1478 1653 1518 280
1669 1479 1712 1519 E.

443 1537 530 1574 Πὰν
548 1534 726 1581 αἰπόλος,
747 1534 879 1583 ἓιφυῖας
893 1531 1018 1585 Ἕρμοῦ
1040 1533 1134 1579 virs,
1149 1534 1202 1570 τὰ
1222 1532 1290 1582 μὲν
1314 1532 1442 1571 ἄνωθεν
1463 1532 1576 1579 nefor,
1594 1534 1647 1572 τὰ
1663 1532 1713 1573 sb

440 1589 607 1628 κάτωθεν
620 1587 789 1640 τραχὺς,
802 1588 867 1626 καὶ
888 1583 1121 1640 τραγοειὲἡς.
1141 1585 1264 1626 Porro
1276 1617 1288 1634 ‚
1304 1585 1333 1625 sl
1351 1586 1562 1626 Lucianum
1577 1587 1682 1626 audis
1695 1615 1710 1635 ‚

444 1641 573 1695 Ulyffi
597 1642 744 1681 nullum
770 1642 941 1681 iniuriam
964 1641 1052 1680 fecit
1077 1639 1290 1693 Penelope,
1313 1640 1456 1693 quippe
1483 1641 1520 1678 in
1545 1640 1712 1681 Arcadia

443 1698 562 1749 virgo
577 1695 787 1747 compressa
800 1725 809 1741 ,
834 1706 1039 1749 antequam
1062 1695 1242 1733 nuberet:
1264 1694 1383 1732 immo
1403 1694 1440 1732 in
1460 1694 1597 1746 Lyceo
1616 1704 1715 1734 tem·

441 1750 548 1803 plum
568 1748 642 1789 effe
653 1749 802 1794 Panos,
825 1749 861 1787 in
878 1762 958 1801 quo
974 1760 1087 1787 natus
1103 1747 1299 1795 afferatur,
1316 1746 1457 1800 scripsit
1477 1748 1646 1788 Laetam.
1663 1747 1711 1788 ad

445 1805 540 1844 Stat.
551 1804 674 1843 Theb.
690 1802 749 1849 ll,
773 1802 860 1842 206.
876 1802 986 1852 secus
996 1802 1221 1841 Herodotus
1238 1801 1365 1840 sensit:
1387 1813 1475 1840 nam
1492 1801 1518 1840 si
1542 1801 1638 1842 ssavi
1655 1801 1714 1852 τῷ

442 1858 485 1897 ἐκ
499 1857 717 1897 Πηνελόπης
740 1857 894 1895 ἐλάσσω
911 1856 1000 1895 {rede
1021 1856 1100 1895 ἐστι
1122 1855 1192 1894 τῶν
1208 1854 1383 1906 Τρωϊκῶν,
1401 1867 1444 1894 ut
1464 1857 1515 1894 ait
1529 1855 1586 1903 ΙΙ,
1613 1869 1712 1909 145,

444 1924 537 1951 eum
558 1921 712 1963 oportet
738 1911 776 1949 in
795 1910 917 1950 lucem
946 1908 1124 1963 prodiiffe
1146 1908 1258 1948 finito
1282 1909 1383 1948 bello
1402 1909 1600 1958 Troiano,
1619 1909 1714 1950 dum

444 1965 665 2019 longinquis
679 1964 872 2005 erroribus
885 1963 1042 2003 iaetatus
1053 1962 1208 2015 Ulyffes
1221 1963 1341 2002 domo
1353 1963 1502 2002 aberat:
1522 1964 1560 2002 in
1576 1963 1712 2003 eadem

446 2019 500 2058 illi
514 2020 696 2072 opinione
715 2018 868 2058 suerunt
886 2017 1052 2064 versati,
1073 2030 1240 2070 quorum
1260 2016 1460 2056 absurdam
1486 2017 1714 2071 interpreta-

445 2073 591 2113 tionem
609 2072 759 2124 Virgilii
773 2072 970 2125 Georg.1‚
991 2072 1056 2119 16,
1076 2070 1221 2124 profert
1235 2070 1409 2117 Servius,
1429 2071 1537 2110 cuius
1551 2082 1715 2124 annota-

445 2128 525 2175 tio,
541 2137 583 2166 ut
602 2126 759 2178 intelligi
773 2124 908 2178 poffit3
931 2125 1007 2165 levi
1022 2137 1138 2164 manu
1156 2137 1361 2178 parumper
1382 2125 1558 2164 adiuvari
1571 2125 1713 2166 debet:

449 2183 583 2221 Nemus
595 2182 747 2233 linquens
762 2179 930 2233 patrium]
951 2180 1124 2218 Pindarus
1138 2179 1241 2217 Pana
1259 2194 1302 2218 ex
1324 2179 1488 2232 Penelope
1507 2179 1642 2232 Ulyffis
1653 2181 1714 2231 fi-

446 2236 530 2275 lium
555 2235 656 2274 dicit.-
679 2234 792 2286 (hoc.
811 2246 859 2273 ne
880 2234 1010 2273 credas
1034 2232 1245 2272 inauditum
1260 2264 1272 2281 ,
1294 2242 1573 2273 commemorat
1597 2233 1714 2274 etiam

449 2289 578 2330 Schol.
588 2288 814 2341 Theocriti)
829 2290 914 2326 unde
927 2287 1024 2326 multi
1034 2287 1182 2338 patrium
1193 2302 1256 2339 pro
1269 2300 1446 2341 paternum
1460 2287 1653 2339 accipiunt,
1672 2301 1712 2327 eo

450 2345 544 2397 quod
553 2343 632 2381 Pan
644 2358 710 2381 non
725 2343 912 2393 Arcasfit,
922 2341 985 2391 sed
1003 2342 1187 2392 Ithacesius
1196 2355 1213 2388 ;
1226 2354 1264 2379 ut
1283 2357 1305 2380 a
1319 2353 1415 2394 patre
1425 2372 1435 2387 ‚
1452 2355 1520 2380 non
1540 2357 1563 2379 a
1575 2341 1713 2393 patria,

452 2412 526 2436 vox
550 2398 630 2435 haec
652 2397 806 2434 videatur
828 2398 968 2434 detor-m.
995 2395 1059 2433 Vel
1073 2425 1085 2441 ,
1109 2395 1188 2447 quia
1211 2395 1247 2433 in
1271 2396 1428 2434 Arcadia
1446 2395 1587 2447 genitus.
1618 2394 1713 2434 adde

452 2450 564 2491 Serv.
586 2449 740 2489 Daniel.
766 2450 813 2487 ad
839 2449 937 2488 Aen.
963 2449 1021 2493 Π,
1048 2463 1112 2497 44.
1136 2448 1215 2488 Iam
1238 2461 1434 2502 praeterea
1453 2448 1481 2487 st
1504 2449 1591 2501 quis
1611 2446 1714 2487 forte

449 2503 568 2558 paulo
582 2503 750 2546 severior
762 2504 932 2544 Luciano
942 2534 953 2553 ,
978 2503 1083 2556 quod
1099 2503 1200 2542 hunc
1215 2501 1424 2556 Penelopes
1441 2501 1560 2542 filium
1576 2500 1719 2550 Bacchi
