1748 3420
170 225 256 273 IN
305 223 752 273 DIALOGOS
799 224 1165 275 DEORUM.
1212 235 1305 294 339'

41 309 211 366 pulsum:
227 312 288 352 <91³
299 312 364 352 καὶ
377 313 454 353 τοῖς
466 314 736 367 ἐπιγινομένοις
746 315 1011 366 παραὲοσίμου
1023 317 1218 368 γενομένης
1236 315 1307 357 τῆς

39 366 284 417 περιπετείας
298 367 356 405 ἀεὶ
369 367 457 407 τοὺς
470 370 770 420 χειμαζομένους
790 369 866 408 τῶν
881 369 1068 409 πλεόντων
1087 366 1215 422 εὐχὰς
1235 370 1306 419 μὲν

40 420 212 459 meses-ou
227 419 305 459 τοῖς
327 421 540 473 Σαμοθρᾳξὶ
554 451 564 468 ,
582 423 648 460 την
669 423 713 462 δὲ
727 422 800 460 τῶν
815 423 975 472 ἀστέρων
988 426 1196 473 παρουσίαν
1211 425 1307 463 am-

41 475 211 522 πέμπειν
227 473 278 513 εἰς
292 474 357 513 τὴν
370 473 442 513 τῶν
455 474 674 526 Διοσκούρων
686 476 915 522 ἐπιφάνειαν·
928 477 961 514 id
978 478 1128 528 quidem
1144 491 1165 516 a
1180 477 1306 529 poste-

40 526 90 565 ris
106 539 183 565 non
202 527 298 566 adeo
314 526 387 566 fuit
404 528 671 577 observatum,
688 529 779 581 quin
797 530 967 581 plerique
982 530 1181 569 obliterata
1196 531 1307 570 velut

41 579 335 620 Samothracum
351 580 530 621 Deorum
543 583 743 628 memoria,
756 584 800 621 ad
812 582 1023 622 Diol‘curos
1036 596 1165 635 preces
1176 597 1219 623 ac
1233 598 1306 623 vo-

40 643 80 671 ta
91 631 194 672 solos
205 634 421 687 allegarent.
435 636 701 674 Narrationem
717 649 829 683 vero,
844 649 958 687 quam
975 635 1051 675 fine
1070 636 1189 676 dubio
1204 637 1306 676 Dio-

39 687 160 726 dorus
172 699 220 726 ex
231 688 384 727 vetusto
398 689 564 740 quodam
580 690 830 741 expeditionis
844 690 1130 741 Argonauticae
1144 689 1307 742 scripto.

39 752 83 779 re
93 740 228 789 hausit,
239 742 480 794 ampleffitur
490 744 602 781 etiam
611 743 740 782 Valet.
753 743 872 782 Flacc.
886 743 916 790 1‚
931 756 1014 794 570.
1027 743 1057 782 is
1064 744 1178 791 enim,
1187 756 1308 796 quan-

41 794 248 846 doquidem
261 797 368 848 prior
382 797 512 835 Varro
525 796 710 835 Atacinus
719 797 973 847 Apollonium
985 809 1104 848 paene
1117 797 1162 835 de
1179 797 1306 836 verbo

41 848 91 886 ad
99 848 262 887 verbum
279 860 461 895 verterat,
475 860 518 888 ut
531 863 608 889 non
622 863 670 888 ex
682 850 928 901 Quintiliano
940 860 1102 896 tantum,
1115 851 1216 888 alieni
1230 866 1307 901 ope.

41 902 90 940 ris
101 901 305 954 interpretem
317 912 406 942 eum
425 903 656 955 appellante,
674 903 734 943 sed
750 904 920 955 pluribus
931 903 1046 942 etiam
1062 903 1208 942 indiciis
1218 934 1226 947 ,
1243 902 1308 942 iis-

39 967 118 1007 que
132 955 351 1002 certiffimis,
367 956 607 1007 exploratum
623 958 816 1002 habemus,
829 957 923 996 alios
938 956 1024 1002 fibi,
1044 970 1212 1008 quorum
1223 957 1308 995 imi-

42 1009 138 1048 tatio
151 1009 289 1048 celebri
302 1022 532 1061 argumento
545 1012 726 1050 novitatis
742 1012 898 1063 gratiam
912 1011 1121 1050 conciliare
1139 1021 1308 1062 poterat,

41 1062 222 1103 auctores
236 1063 384 1116 delegit.
400 1064 537 1103 Strabo
549 1064 733 1117 discrepat
746 1066 775 1113 1,
786 1079 822 1117 p.
833 1064 854 1103 8
863 1079 899 1117 3,
920 1064 1083 1116 ideoque
1095 1064 1179 1103 τοὺς
1195 1071 1307 1103 Διοσ-

41 1114 187 1169 κούρους
211 1116 443 1166 ἐπιμελητὲις
466 1116 531 1157 τιῖς
545 1119 751 1159 θαλάσσης
767 1118 962 1172 λεχθῆναι,
977 1119 1042 1156 καὶ
1055 1116 1222 1169 σωτῆρας
1233 1118 1308 1158 τῶν

41 1169 252 1216 πλεόντων,
265 1171 417 1217 statuit,
437 1172 542 1224 quod
565 1173 676 1224 primi
694 1172 828 1225 longas
842 1172 1110 1225 navigationes
1126 1170 1310 1211 instituis-

41 1222 125 1263 sent
139 1239 148 1264 :
173 1224 274 1264 addit
292 1224 442 1278 insuper
454 1226 656 1278 Ampelius
666 1257 679 1273 ,
702 1243 757 1266 eos
767 1227 933 1278 principes
947 1240 1037 1264 mare
1049 1238 1158 1264 tutum
1169 1242 1191 1263 a
1205 1241 1308 1277 prae-

41 1278 186 1317 donibus
205 1280 420 1332 praestitzffe:
440 1279 621 1318 nimirum
641 1291 802 1334 uterque
824 1279 975 1319 secutus
990 1278 1042 1318 est
1065 1279 1220 1318 illorum
1237 1293 1308 1319 au-

42 1330 257 1372 &critatem
269 1364 281 1381 ‚
297 1335 383 1385 qui,
401 1346 486 1373 cum
505 1335 643 1373 merito
655 1334 739 1387 post
754 1333 898 1373 fabulas
910 1333 1026 1373 latere
1041 1345 1171 1372 rerum
1184 1334 1309 1373 veteri

44 1387 232 1426 memoria
252 1387 440 1438 gestarum
461 1388 635 1426 ordinem
662 1399 861 1441 putarent,
884 1400 964 1426 non
984 1399 1061 1426 una
1083 1399 1164 1426 rate
1179 1386 1309 1439 Argo-

43 1451 202 1487 nautas,
221 1439 282 1479 sed
301 1440 411 1481 claffe
431 1440 703 1480 instruffiffima
725 1443 843 1482 maria
858 1441 964 1493 prius
979 1440 1159 1480 inacceffa
1181 1440 1309 1492 perlu-

45 1492 169 1533 straffe
181 1494 483 1535 arbitrabantur:
507 1495 556 1533 ab
570 1495 630 1535 his
643 1497 765 1548 pelagi
776 1496 943 1535 tentandi
962 1496 1184 1534 rudimentis
1196 1494 1308 1533 ausos

0 1556 1 1567 ³
44 1545 152 1587 fuiffe
165 1547 337 1588 Graecos
357 1550 524 1589 nobilem
539 1548 640 1588 illam
658 1551 696 1588 in
710 1551 869 1589 Troiam
891 1549 1173 1600 expeditionem
1195 1547 1309 1587 susci-

43 1614 149 1653 pere.
160 1602 311 1655 Hygini
322 1602 416 1642 fides
428 1603 456 1642 fi
468 1604 597 1656 potior
609 1603 661 1643 est
672 1635 683 1652 ‚
696 1604 879 1656 Neptuno
892 1603 1029 1641 debent
1037 1601 1219 1641 Dioscuri
1236 1603 1310 1640 ho-

0 1645 2 1710 l
46 1654 269 1696 nestiffimae
284 1670 397 1697 curae
421 1657 676 1697 beneficium:
697 1670 784 1697 nam
799 1672 920 1710 equos,
939 1657 1058 1708 quibus
1076 1669 1231 1699 utuntur,
1247 1657 1310 1693 do·

46 1710 165 1756 navit,
189 1710 223 1748 6·
237 1712 328 1749 dedit
345 1714 538 1764 potestatem
557 1710 735 1764 naufragis
747 1711 863 1764 fhluti'
881 1709 966 1762 effe:
991 1709 1097 1762 quod
1117 1708 1203 1748 sane
1227 1721 1310 1748 non

45 1763 171 1816 potest
181 1777 261 1804 non
276 1764 589 1805 verifimillimum
604 1766 721 1804 videri
733 1781 744 1814 3
758 1766 842 1818 quis
852 1766 952 1804 enim
966 1764 1094 1802 credat
1106 1762 1234 1801 invito
1245 1763 1311 1802 vel

47 1817 269 1858 inconsulto
285 1819 470 1872 Neptuno
482 1831 627 1858 tantum
645 1821 680 1858 in
699 1833 801 1858 mare
817 1832 860 1857 ac
874 1817 1114 1870 tempestates
1127 1817 1311 1869 cuiquam

47 1871 210 1924 potuiffe
224 1873 316 1912 iuris
328 1874 512 1914 concedi?
534 1874 653 1930 Paulo
665 1885 791 1912 tamen
812 1873 917 1911 aliter
929 1871 1038 1910 Serv.
1050 1871 1095 1909 ad
1113 1870 1260 1922 Georg.
1273 1870 1312 1918 I,

53 1939 70 1966 Ι
79 1940 100 1964 2
113 1938 122 1964 Ξ
143 1928 260 1980 Castor
271 1927 306 1966 δ’
316 1928 448 1967 Pollux
457 1959 468 1976 ,
480 1928 559 1980 quia
571 1943 680 1967 corum
696 1926 911 1975 velociffi'mae
918 1925 1033 1979 stellae
1042 1924 1146 1975 sunt,
1161 1939 1262 1975 equos
1274 1925 1312 1963 in

48 1980 156 2018 tutela
174 1982 292 2020 habere
301 1982 469 2022 dicuntur.
491 1982 638 2022 Verum
650 1981 858 2027 Isocrates,
880 1992 923 2019 ut
942 1977 1217 2031 quaesitissimis
1232 1978 1312 2017 He-

48 2033 175 2073 lenam
186 2034 293 2074 suam
306 2036 490 2076 encomiis
501 2035 710 2082 excoleret,
723 2035 845 2075 sorori
859 2033 1100 2085 Tyndaridas
1114 2043 1314 2083 acceptum

48 2087 194 2128 referre
207 2089 355 2137 voluit,
379 2102 460 2129 non
482 2089 606 2130 solum
625 2090 732 2142 quod
749 2089 927 2128 Deorum
954 2088 991 2125 in
1011 2099 1215 2125 numerum
1241 2085 1314 2124 sint

49 2140 239 2196 adscripti,
249 2142 310 2183 sed
325 2144 437 2183 huius
451 2143 564 2183 etiam
578 2143 889 2183 administrandae
906 2140 1131 2194 provinciae
1146 2139 1260 2178 decus
1273 2152 1313 2192 p.

53 2209 77 2235 2
86 2209 100 2234 1
108 2195 131 2234 8
145 2201 180 2235 Β.
195 2197 342 2237 Helena
356 2199 432 2237 iam
442 2198 595 2238 divinos
606 2198 775 2237 honores
785 2197 920 2250 adepta
931 2194 1073 2247 πρῶτον
1090 2193 1157 2242 μὲν
1169 2193 1255 2232 τοὺς
1268 2195 1317 2231 ἐι-

52 2248 213 2299 «Γελφοὺς
228 2250 301 2292 ἤδη
316 2253 603 2303 κειτεχομένους
614 2250 687 2291 ὑπὸ
702 2251 769 2292 τῆς
782 2252 1026 2301 πεπρωμένης
1042 2248 1092 2286 εἰς
1105 2247 1209 2287 θεοὺς
1228 2247 1317 2286 ἀνήι-

53 2316 185 2357 γοιγε·
199 2305 397 2356 βουλομένη
411 2305 456 2345 Σὲ
470 2307 611 2346 πιστὴν
630 2304 785 2345 ποιησαι
801 2307 862 2344 τὴν
874 2301 1104 2354 μεταβολὴν,
1121 2297 1240 2359 οὕτως
1250 2296 1319 2362 οιῦ;

55 2357 136 2398 τοῖς
147 2360 220 2398 τᾶς
236 2363 353 2410 τιμὰς
369 2358 537 2413 ἐναργεῖς
548 2358 696 2407 {sanem
719 2356 812 2399 ὥστ’
831 2358 1023 2410 ὁρωμένους
1043 2355 1126 2419 ὑετοῦ
1140 2356 1210 2393 τών
1222 2355 1256 2393 ἐν
1268 2368 1315 2404 τῃ

55 2412 235 2463 θαλάττῃ
251 2413 522 2453 κινδυνευόντων
543 2414 680 2464 σώζειν,
694 2411 822 2453 οἵτινες
837 2412 881 2452 ἂν
903 2409 1058 2456 εὐσεβῶς
1079 2408 1217 2448 οιυτοὺς
1236 2408 1320 2447 ἐπι·

58 2466 302 2510 ριοιλέσωντοιι.
322 2468 432 2508 Haec
448 2467 532 2515 i11e;
549 2469 671 2520 poetis
681 2479 823 2513 tamen,
841 2478 1007 2519 quorum
1023 2463 1191 2521 fingendi
1203 2462 1321 2501 licen-

57 2519 154 2561 tiam
167 2519 286 2562 ferme
296 2521 512 2576 superavit,
527 2522 650 2573 iratis,
665 2521 844 2575 Euripide
859 2518 1043 2612 certe‚Yin
1056 2529 1164 2556 cuius
1176 2514 1262 2556 Hel.
1277 2528 1322 2557 v.

1054 2584 1076 2610 2
