1748 3420
427 217 515 282 5&
616 212 1496 263 ANNOTATIONES

424 309 491 347 &0
511 316 679 356 corpore
698 303 960 356 peregrinatus
972 303 1150 343 miracula
1162 303 1263 343 vitae
1277 303 1430 344 alterius
1445 304 1705 359 inspefflu'et?

425 360 492 396 τὴν
507 356 571 395 τοῦ
583 358 842 410 ’ὶελωτοποιοὺ
855 357 1029 408 Θερσίτου
1045 358 1180 410 ψυχὴν
1192 358 1342 398 πίθηκον
1357 358 1580 408 ἐνδυομένην,
1595 372 1691 400 cau-

423 410 463 450 sa
477 411 604 457 Nirei,
626 410 688 449 vel
710 410 835 448 invito
857 411 1050 459 Luciano,
1075 411 1240 450 multum
1261 412 1523 452 adiuvabitur:
1538 413 1598 452 sed
1619 425 1713 453 nos-

426 476 588 517 magnae
603 464 674 502 litis
696 464 837 502 iudices
851 476 930 502 non
947 463 1128 504 sedemus.
1144 464 1340 503 Platonem
1358 466 1396 503 in
1417 466 1539 506 oculis
1559 466 1693 506 habuit
1711 467 1715 494 .·

427 520 580 557 Aeneas
592 517 686 557 Gaz.
701 517 737 554 in
750 517 948 569 Theophr.
960 531 1047 570 pag.
1067 531 1080 556 1
1093 531 1125 569 ς,
1136 518 1245 557 cuius
1256 518 1330 557 loci
1342 517 1562 558 sententiam
1572 550 1586 566 ‚
1597 519 1693 560 alio·
1707 527 1712 532 “

425 572 493 623 qui
507 570 593 610 satis
605 570 834 622 expeditam,
847 584 966 622 prava
979 572 1140 611 errantis
1153 571 1299 610 Barthii
1314 571 1440 612 versio
1453 571 1708 613 obscuravit.-

427 625 553 663 Porro
573 636 689 676 quam
713 637 806 663 mox
835 625 1042 677 Menippus
1066 624 1195 664 statuit
1214 625 1401 674 ἰσοτιμίαν
1424 626 1457 664 ἐν
1473 620 1606 672 “Mam
1627 626 1692 666 alii
1708 623 1718 678 γ’

426 690 586 731 quoque
608 676 806 727 Thersitae
827 679 1029 731 exemplo,
1044 677 1255 718 inferorum
1278 679 1315 717 in
1339 679 1492 718 civitate
1507 680 1692 733 principi·

428 732 500 771 bus
519 732 611 770 viris
629 733 802 783 aequati,
821 731 1110 771 confirmarunt.
1129 732 1248 784 Apud
1271 731 1421 772 Suidam
1448 733 1588 772 veteris
1605 734 1693 784 epi-

428 786 649 838 grammatis
660 797 744 836 pars
758 786 794 823 in
807 785 1054 837 Ἀτιμὸτερσν·
1066 808 1111 815 -
1125 786 1175 824 εἰν
1184 785 1281 834 alsa.
1290 787 1368 839 γὰρ
1383 787 1502 824 Μένων
1515 788 1692 837 Θερσίτης

427 836 534 878 οὐδὲν
549 838 775 888 ἀτιμότερος.
789 837 863 877 Pro
872 840 985 888 μένων
1000 839 1091 878 olim
1106 838 1218 878 huius
1231 839 1370 892 dialogi
1382 850 1610 892 argumento
1621 840 1691 880 du-

427 893 511 932 &us
526 891 802 932 rescribendum
815 892 1022 931 arbitrabar
1033 895 1171 943 Νιρέως·
1187 894 1224 931 in
1237 893 1392 932 eandem
1407 892 1485 932 fere
1500 892 1694 934 coniectu-

427 960 512 986 ram
528 947 705 985 inciderat
720 945 771 985 St.
788 946 992 998 Berglerus
1009 945 1093 984 Aa.
1110 945 1221 985 Erud.
1239 945 1333 998 Lips.
1347 945 1618 986 MDCCXXII
1629 977 1640 994 ‚
1652 960 1694 1000 p.

431 1014 450 1039 1
461 999 601 1047 6231‘ed
617 1000 697 1038 aliis
707 998 929 1052 quibusdam
943 998 1116 1045 ειάἰεξὶὶς,
1132 1012 1231 1052 quae
1243 1000 1398 1052 probari
1408 1013 1486 1040 non
1501 1012 1692 1054 poterant.

426 1054 683 1105 Quamquam
696 1052 1023 1092 verosimillimum
1045 1053 1260 1100 videbatur,
1284 1052 1395 1093 facile
1410 1054 1620 1106 repudiavi,
1642 1054 1692 1094 fia

430 1108 512 1146 mul
527 1118 640 1159 atque
651 1106 750 1158 apud
761 1106 979 1146 Salmasium
993 1107 1061 1160 Ep.
1076 1107 1120 1146 de
1133 1106 1246 1147 Com.
1257 1121 1293 1160 p.
1303 1120 1376 1160 703
1397 1107 1609 1160 reperiffem
1621 1107 1691 1147 Μί-

424 1176 488 1207 νω,
502 1173 579 1200 ηοη
594 1161 782 1208 dubitans,
795 1161 888 1212 quin
904 1161 953 1199 ab
967 1173 1015 1200 eo
1027 1173 1076 1200 ex
1086 1160 1327 1214 Anthologia
1340 1161 1500 1200 necdum
1516 1161 1617 1201 edita
1632 1160 1692 1202 fo-

426 1225 513 1254 rent
531 1214 747 1267 depromta:
776 1214 978 1254 accedebat
991 1214 1127 1254 Codex
1143 1214 1280 1254 Suidae
1295 1215 1691 1267 Lugduno-Batavus,

426 1269 469 1307 in
485 1281 563 1321 quo
575 1281 647 1321 pro
656 1269 772 1318 μένων
781 1268 884 1320 quod
897 1279 1093 1308 exaratum
1105 1267 1159 1307 est
1174 1268 1236 1318 μίν
1252 1267 1284 1317 ὃ,
1305 1267 1543 1307 manifestum
1563 1267 1689 1308 servat

427 1335 635 1375 germanae
644 1321 817 1361 leffionis
829 1320 1042 1374 vestigium.
1053 1322 1124 1361 Sed
1135 1321 1224 1361 nihil
1234 1322 1397 1375 amplius
1406 1320 1620 1371 suspicione
1628 1321 1695 1363 vel

426 1376 648 1415 coniectura
667 1374 742 1414 fuit
759 1388 879 1428 opus,
899 1375 1097 1429 postquam
1119 1374 1309 1415 beneficio
1332 1376 1406 1416 viri
1424 1374 1577 1429 insignis
1598 1376 1627 1416 Ι.
1649 1376 1693 1416 Ρ.

425 1429 636 1470 D'Orvillii
662 1428 794 1468 naftus
817 1428 897 1468 sum
915 1428 1035 1482 ipsum
1058 1430 1258 1469 Theaeteti
1281 1429 1536 1482 epigramma,
1556 1429 1662 1484 quod
1678 1457 1692 1478 ‚

425 1485 516 1537 quia
530 1482 682 1523 Kusteri
695 1483 922 1536 diligentiam
943 1482 1080 1537 effugit
1090 1512 1102 1531 ‚
1116 1484 1304 1537 integrum
1319 1495 1408 1523 cum
1426 1482 1570 1524 lectore
1581 1496 1693 1524 com·

427 1538 653 1577 municabo:

483 1589 688 1632 omnimo
701 1590 752 1630 εἰς
766 1590 903 1632 emim
913 1593 975 1631 τὶιν
988 1587 1214 1642 αὖτάρεσκον
1230 1590 1295 1629 καὶ
1307 1589 1556 1642 Σοκησίσοφον.

535 1657 610 1693 Τὰν
619 1654 771 1708 γνώμαν
783 1654 902 1693 ἐδόκει
916 1655 1052 1694 Φιλέας
1065 1650 1103 1692 οὗ
1115 1654 1281 1707 δεύτερος
1293 1653 1412 1693 ἄλλον

590 1705 707 1758 Εἶμεν·
722 1707 737 1746 ὃ
753 1707 798 1746 δὲ
815 1707 981 1759 φθονερὸς
996 1710 1158 1746 κλαίετω
1171 1739 1182 1756 ,
1196 1708 1233 1747 ’ές
1249 1723 1288 1747 κε
1303 1707 1410 1757 θάνῃ·

535 1763 637 1801 Ἀλλ’
653 1761 780 1812 ἔμπας
793 1761 911 1813 δόξας
925 1764 1029 1801 κενεὰ
1042 1762 1173 1814 χάρις·
1188 1762 1237 1800 εἰν
1252 1761 1352 1812 &isa
1362 1763 1443 1816 ‘fite

590 1818 702 1855 Μείνω
715 1818 898 1867 Θερσίτας
909 1812 1014 1855 οὖὸὲν
1029 1817 1260 1867 ἀτιμότερος.

431 1871 528 1911 Vice
541 1866 660 1908 ἄλλον
676 1870 774 1908 aliud
787 1870 981 1921 exemplar
1001 1872 1135 1908 ἄλλων.
1150 1869 1296 1909 Dorica
1309 1867 1493 1909 dialeflus
1506 1868 1695 1922 epigram-

429 1925 540 1964 matis
561 1923 682 1976 poscit
696 1921 813 1961 ἄλλω·
836 1935 917 1962 tum
938 1936 1114 1962 extremo
1130 1922 1244 1962 versu
1263 1923 1491 1976 adscriptum
1507 1923 1628 1972 Μίνω,
1650 1924 1693 1964 &

427 1978 618 2030 Θερσίτης.
633 1977 816 2017 Ceterum
839 1990 941 2030 quae
955 1980 1093 2029 poetae
1114 1976 1158 2016 sit
1177 1990 1303 2024 mens,
1318 1977 1358 2016 δι
1378 1977 1579 2030 quomodo
1601 1989 1692 2017 cum

427 2031 659 2085 praescripto
693 2032 808 2070 titulo
841 2032 1047 2070 conveniat
1067 2063 1078 2078 ‚
1106 2031 1324 2084 explanabit
1362 2029 1695 2082 praestantiffimus

429 2086 695 2130 D'Orvillius,
712 2086 777 2138 qui
791 2085 856 2124 sibi
870 2096 977 2124 tanto
998 2086 1165 2137 gratiore
1182 2097 1340 2124 munere
1352 2084 1544 2123 literarum
1559 2096 1695 2123 aman-

426 2152 484 2180 tes
495 2139 716 2191 obstringet‚
727 2152 807 2192 quo
821 2139 931 2178 citius
946 2139 1224 2192 Antliologiam
1239 2139 1418 2178 omnibus
1429 2138 1599 2178 numeris
1612 2150 1699 2192 per-¹

429 2194 568 2235 fenam
585 2194 722 2233 debere
735 2193 892 2232 defierit.
912 2194 1075 2232 HEMST.

486 2248 576 2301 Pag.
592 2262 679 2287 220.
695 2249 716 2284 l.
730 2244 941 2286 8.”Ηκουσ·οι
955 2277 966 2294 ,
990 2250 1016 2285 ὠ
1038 2246 1174 2298 Χείρων,
1197 2241 1244 2286 ὧς
1266 2248 1350 2286 θεὶς
1371 2245 1415 2284 ὢν
1430 2241 1695 2293 ἑπιθυμῆσεισις

428 2301 639 2346 ἀποθανεῖν’)
655 2301 804 2341 Chiron
816 2299 868 2341 est
879 2300 988 2340 Deus
1000 2312 1198 2340 mortuus:
1217 2300 1292 2340 vid.
1307 2299 1491 2353 Apollod.
1504 2299 1689 2339 Biblioth.
1747 2332 1748 2365 3

429 2356 493 2395 lib.
512 2371 545 2394 2.
560 2355 733 2395 GRAEV.

485 2410 564 2448 ibid.
572 2403 670 2448 >Θεὸς
684 2409 747 2461 ὢν)
762 2409 849 2448 Vid,
860 2408 1115 2457 Apollod.11‚
1132 2422 1167 2460 p.
1182 2408 1231 2456 46
1243 2407 1282 2447 &
1301 2420 1343 2460 53
1359 2406 1406 2446 C.
1419 2406 1577 2447 δοῖ-ΑΝ.
1591 2405 1693 2445 Post·

428 2476 544 2516 quam
555 2464 703 2502 obierat
715 2473 879 2501 mortem
890 2462 1035 2500 Chiron
1048 2474 1202 2502 veneno
1214 2460 1367 2514 sagittae
1378 2461 1590 2500 Herculeae
1601 2472 1693 2500 con·
1737 2494 1744 2499 .

429 2516 572 2565 tacius,
592 2517 711 2571 pietas
730 2518 813 2557 eius
834 2529 878 2556 ac
900 2515 1063 2556 studium
1083 2516 1235 2556 virtutis
1251 2515 1448 2569 permovit
1467 2513 1628 2562 lovem,
1651 2524 1694 2555 ut

1737 3266 1748 3345 ιι.
