1748 3420
2 299 10 315 ν

0 323 2 346 ζ

130 187 211 233 ΙΝ
244 186 633 235 DIALOGOS
674 188 1171 235 MORTUORUM.
1223 205 1312 257 395

46 271 114 314 ille
130 275 280 327 quidem
297 275 462 315 ἀνέκαθεν
476 269 512 317 ἶῖν
527 274 661 326 Φοίνιξ,
679 275 703 314 i.
715 288 748 314 e.
767 275 882 328 longe
899 287 1048 315 tantum
1065 277 1183 329 petito
1201 289 1317 329 gene-

2 354 8 363 ·
51 327 114 380 re)
136 328 292 380 &quod
303 330 369 367 vix
384 329 583 382 quisquam
602 329 768 368 atrocius
789 330 828 367 in
846 342 981 369 omnes
1006 343 1181 369 omnium
1205 331 1319 370 ordi-

0 398 8 407 ·
51 393 146 419 num
159 382 334 421 homines
348 414 357 430 ,
379 383 627 436 philosophos
639 380 868 434 potiffimum
879 413 890 431 ,
914 395 994 422 tum
1006 383 1112 423 distis
1125 394 1208 423 tum
1222 384 1312 423 scri-

0 458 6 470 .
50 435 128 487 ptis
143 434 382 475 desaeviiffet.
404 438 491 476 vide
508 436 629 476 same.
646 448 703 489 33.
730 436 854 487 Quod
878 448 1006 476 autem
1030 437 1200 484 Socrati,
1225 438 1316 477 viro

0 512 6 525 .
51 487 225 535 summo,
239 490 391 536 accidit,
406 501 447 529 ut
462 489 538 529 sine
551 488 698 542 scriptis
710 490 811 541 apud
826 489 998 541 posteros
1010 489 1155 529 summa
1174 491 1314 543 ingenii

51 540 184 587 laude,
204 555 271 595 per
283 543 585 596 Xenophontem
606 543 644 581 δι
659 541 853 581 Platonem
878 542 982 582 cliffis
1002 544 1082 583 eius
1102 546 1314 584 memoriae

0 605 2 626 1
51 595 230 648 proditis,
244 595 441 642 floruerit,
452 597 487 636 id
502 596 783 650 propemodum
801 598 841 636 δι
854 596 944 635 huic
958 597 1145 649 Menippo
1160 611 1225 648 per
1236 599 1315 637 Lu-

50 648 206 688 cianum
227 650 376 688 accidit.
405 650 441 689 Is
460 651 587 696 enim,
608 662 707 702 quae
726 648 803 701 ipse
828 649 1020 702 scripserat
1035 650 1252 702 deperditis,
1270 653 1312 691 in

50 700 149 741 hisce
160 702 313 741 Luciani
329 703 443 754 longe
455 735 466 751 ,
479 714 522 743 ut
539 703 702 751 videtur,
716 703 851 742 melius
868 704 908 741 &
923 703 1018 756 sapit
1032 704 1072 742 δι
1088 703 1212 743 floret.
1227 705 1316 744 Me-

50 755 160 808 nippi
173 755 277 794 fuere
288 756 365 795 duo
381 757 546 808 Cynici:
569 756 763 808 antiquior
777 756 836 794 hic
854 756 1122 796 celeberrimus
1133 786 1147 802 ,
1169 757 1215 797 de
1229 770 1312 810 quo

51 806 174 861 Diog.
190 809 312 850 Laert.
328 809 385 849 VI
398 841 409 858 ‚
429 822 460 849 c.
473 823 544 863 993
558 810 701 856 iunior,
714 810 760 848 de
771 823 849 861 quo
863 810 1106 849 Philostratus
1120 823 1205 863 pag.
1225 812 1314 860 164,

50 861 246 914 Eunapius
259 865 295 902 in
311 876 483 916 prooem.
498 876 583 916 pag.
601 878 615 902 1
628 878 641 902 1
654 863 700 903 C.
716 877 829 915 quem
845 863 1039 916 perstringi
1054 863 1113 903 hic
1127 864 1216 902 &in
1227 865 1316 903 reli-

50 916 137 968 quis
152 915 253 956 hisce
266 917 434 969 dialogis,
446 927 553 970 putat
567 916 797 956 ‹loffiffimus
809 916 1019 956 Philostrati
1031 917 1227 968 interpres.
1241 917 1315 957 Sed

47 980 174 1009 errat:
190 970 276 1009 vide
290 970 410 1023 ipsum
425 970 633 1010 Lucianum
645 970 873 1022 Menippum
884 983 1020 1009 veterem
1038 969 1175 1009 diserto
1192 983 1215 1008 a
1236 969 1313 1011 sese

49 1020 208 1062 ascitum
220 1053 234 1070 ,
256 1023 322 1063 sub
332 1023 490 1077 Dialogi
509 1023 692 1076 persona,
712 1023 932 1063 afferentem
955 1029 1043 1063 Δικ.
1056 1036 1088 1063 c.
1106 1037 1147 1078 33
1161 1052 1173 1072 ,
1190 1024 1232 1063 δὲ
1253 1038 1314 1065 res

50 1074 128 1129 ipsa
149 1076 284 1116 clamat
295 1077 480 1130 Diogenis
497 1076 605 1117 fuisse
614 1077 846 1130 discipulum.
872 1076 1031 1116 SOLAN.

104 1133 177 1168 ead.
190 1131 214 1169 l.
226 1132 262 1170 6.
277 1132 328 1170 Ἐν
342 1131 487 1182 Κορίνθῳ
502 1133 607 1170 κατὰ
618 1134 661 1170 τὶ)
676 1132 763 1182 1<in
778 1131 811 1170 ὲν
825 1130 884 1184 Λ.)
901 1131 1021 1183 Quae
1034 1129 1110 1184 ipse
1129 1130 1217 1171 loca
1232 1145 1314 1172 ma-

48 1182 153 1222 xime
173 1184 343 1224 coluerat
358 1184 574 1238 Diogenes,
594 1185 631 1223 in
646 1185 688 1224 iis
703 1184 926 1225 {etstatorem
942 1185 1167 1237 Menippum
1179 1186 1312 1237 quaeri

49 1235 175 1276 iubet:
192 1250 282 1278 cum
299 1237 493 1278 Persarum
512 1239 611 1278 enim
630 1251 718 1291 rege
738 1238 842 1277 suam
855 1237 1052 1278 fortunam
1072 1252 1313 1291 comparans,

49 1289 151 1329 haud
167 1290 270 1331 secus
283 1302 397 1345 atque
413 1292 474 1331 ille
489 1293 650 1332 hiemem
670 1292 770 1332 Susis
781 1322 793 1338 ‚
822 1293 1022 1332 Ecbatanis
1035 1291 1209 1332 aestatem
1226 1307 1316 1345 age-

48 1355 128 1391 ret,
143 1343 179 1384 se
194 1359 350 1398 quoque
364 1346 517 1385 mutatis
531 1346 579 1385 ad
598 1347 686 1385 anni
700 1345 936 1398 tempestates
953 1346 1097 1386 sedibus
1111 1359 1214 1386 nunc
1227 1347 1310 1387 Co-

48 1398 166 1436 rinthi
177 1429 189 1446 ‚
203 1399 362 1439 Athenis
380 1400 471 1439 alias
482 1401 617 1452 degere
629 1399 819 1439 diffltabat
830 1429 841 1447 ,
857 1411 897 1439 ut
909 1399 1070 1440 ostendit
1081 1399 1165 1439 Dio
1177 1400 1310 1453 Chry·

48 1449 134 1490 sost.
156 1451 228 1492 Or.
245 1453 315 1493 VI.
333 1454 518 1494 Granium
540 1464 668 1492 autem
687 1454 878 1505 ignotius,
902 1454 1067 1507 ideoque
1091 1454 1258 1494 additum
1274 1455 1310 1495 ἐν

48 1505 191 1556 Κορίνθῳ
202 1537 216 1553 ,
235 1508 339 1559 quod
358 1520 437 1547 non
452 1509 502 1546 ita
515 1507 739 1559 capiendum
751 1536 761 1552 ‚
781 1507 885 1559 quasi
900 1508 1006 1547 urbis
1021 1508 1166 1547 ambitu
1185 1509 1310 1548 conri-

48 1570 224 1607 neretum
244 1574 333 1600 nam
348 1561 534 1602 subiefhis
554 1572 655 1608 erat,
678 1572 722 1600 ut
735 1560 935 1601 Pausanias
957 1562 1088 1609 docet,
1109 1562 1310 1603 moenibus

49 1614 320 1666 cyprefforum
335 1615 466 1663 lucus3
488 1614 547 1655 sed
561 1627 606 1654 ea
617 1614 824 1666 potestate,
848 1628 923 1667 qua
936 1614 1084 1668 saepius
1097 1615 1130 1654 ἐν
1149 1617 1310 1669 propin-

48 1667 234 1718 quitatem
250 1669 339 1708 situs
353 1669 529 1721 defignat.
542 1668 661 1708 Refte
672 1667 779 1707 Dion
793 1668 927 1708 Or.IX
940 1699 951 1718 ,
961 1683 998 1722 p.
1021 1684 1033 1707 ι
1044 1668 1089 1722 38
1106 1668 1158 1707 D.
1171 1669 1313 1709 Corin-

49 1719 119 1759 thii
135 1720 352 1774 Diogenem
372 1724 563 1762 πολλάκις
577 1721 685 1773 ἑώρων
700 1722 735 1761 ἐν
748 1721 794 1772 τῇ
807 1721 916 1761 ’πόλει
929 1723 993 1762 καὶ
1004 1723 1085 1774 περὶ
1095 1724 1135 1760 τὸ
1150 1722 1307 1775 Κράνιον·

49 1773 93 1813 δι
107 1788 142 1827 p.
161 1788 175 1812 1
186 1789 228 1828 3¹
245 1776 292 1815 A.
303 1776 532 1816 Antisthene
544 1785 702 1815 mortuo
714 1776 853 1826 μετέβη
872 1775 920 1815 εἰς
930 1776 1096 1828 Κόρινθον,
1110 1775 1310 1825 κᾴκεῖὲιῆ-

48 1841 119 1881 γεν
134 1827 218 1868 οὔτε
230 1830 346 1870 οἰκίαν
357 1830 657 1881 μισὲτωσέιμενος,
668 1829 752 1868 οὔτε
767 1832 874 1882 παρὰ
891 1829 976 1880 ξένῳ
991 1830 1061 1868 τινὶ
1083 1831 1309 1882 nanc-ybas-

49 1895 119 1928 νος,
132 1882 222 1921 ἀλλ’
232 1884 266 1922 ἐν
275 1884 329 1931 τῷ
339 1884 471 1936 Κρανίῳ
484 1881 685 1935 ἓῐυραυλῶν·
694 1883 764 1922 alia
774 1883 942 1923 dicemus
953 1884 998 1923 ad
1007 1884 1153 1923 initium
1166 1883 1252 1922 libri
1260 1885 1306 1924 de

49 1936 169 1976 modo
191 1936 482 1978 conscribendae
506 1936 690 1976 historiae.
715 1938 887 1988 Lyceum
912 1950 1011 1977 vero
1034 1936 1304 1977 nobilissimum

47 1989 220 2029 Athenas
232 1992 343 2030 etiam
359 2004 439 2030 non
454 1991 669 2031 nominatas
686 1990 769 2029 satis
788 1991 943 2030 indicat:
971 2004 1020 2030 eo
1043 1991 1081 2029 in
1101 1991 1306 2044 gymnasio

47 2055 128 2082 non
141 2044 319 2085 iuventus
333 2055 480 2084 tantum
497 2044 725 2083 militaribus
736 2057 778 2082 ac
791 2044 1014 2096 palaestricis
1026 2044 1220 2084 laboribus
1236 2046 1307 2084 im..

48 2097 250 2146 buebatur,
269 2099 376 2151 quod
389 2112 438 2138 ex
451 2098 707 2138 Anacharfide
720 2099 877 2137 Luciani
889 2098 1048 2144 constat,
1067 2097 1127 2137 sed
1140 2098 1306 2149 philoso-

49 2150 118 2203 phi
132 2165 289 2205 quoque
299 2153 338 2192 &
348 2152 532 2202 sophistae
544 2152 700 2190 docendi
711 2151 998 2204 disputandique
1011 2151 1118 2192 causa
1134 2152 1306 2192 conside-

48 2204 154 2244 bant.
170 2205 375 2246 Aeschines
386 2206 528 2246 Socrat.
546 2206 643 2258 apud
654 2205 828 2245 Demetr.
839 2206 920 2257 περὶ
931 2205 1028 2258 Ἐρμ.
1044 2206 1058 2254 §
1075 2220 1088 2243 1
1100 2220 1114 2244 1
1129 2219 1162 2250 1,
1172 2206 1239 2258 qui
1250 2206 1307 2245 lo·

48 2271 119 2298 cus
131 2272 301 2313 nuperos
315 2261 478 2299 editores
489 2258 642 2311 effugit:
660 2258 880 2309 Ἐκαθίιμεθοι
895 2259 961 2308 μὲν
975 2259 1036 2299 ἐπὶ
1049 2259 1122 2298 τῶν
1137 2259 1260 2299 θάκων
1271 2260 1306 2299 ἐν

49 2313 202 2362 Λυκείῳ,
217 2308 262 2352 οὗ
271 2313 299 2353 οἱ
314 2313 506 2353 ἀθλοθέται
523 2316 582 2352 τὸν
593 2311 725 2363 ἀγῶνα
742 2312 968 2352 simiam-1.
989 2313 1238 2365 Quamquam
1253 2325 1304 2352 eo

47 2365 121 2405 iam
135 2367 323 2406 ventitare
335 2367 465 2407 solitus
477 2366 599 2406 fuerat
611 2367 799 2412 Socrates,
813 2367 923 2406 cuius
937 2369 1010 2405 τὰς
1022 2367 1056 2406 ἐν
1066 2366 1200 2414 Λυκείῳ
1215 2366 1305 2404 stoc-

48 2421 177 2471 τριβὰς
196 2420 303 2460 Plato
315 2430 593 2460 commemorat
609 2421 648 2459 in
664 2421 788 2472 primo
800 2420 1078 2472 Euthyphrone
1090 2451 1103 2468 ‚
1117 2419 1303 2470 Chryfip-

46 2486 120 2525 pus
137 2484 264 2516 tamen
278 2475 422 2529 πρῶτος
440 2473 610 2529 ἐθέιῤῥησε
630 2474 776 2528 σχολὴν
793 2473 900 2527 ἔχειν
921 2472 1090 2525 ὕπαιθρον
1105 2473 1138 2515 ἐν
1149 2472 1305 2524 Λυκείῳ,
