1748 3420
419 213 511 278 380
609 211 1472 259 ANNOTATIONES

416 313 513 340 [AN.
530 301 664 340 Reieci
684 302 884 354 vulgatum
910 301 1142 350 ἀπείληπτο,
1163 304 1264 362 quia
1265 316 1352 342 cum
1371 303 1518 342 ratione
1537 301 1578 341 δι
1598 298 1668 340 usu
1692 342 1694 345 ,
1745 345 1748 348 ,

414 354 566 415 linguae
583 354 755 394 Graecae
758 335 983 416 pugnabat:
1009 354 1192 407 nusquam
1207 355 1305 395 enim
1322 355 1670 416 ἁπολοιμβέινεο-Βαι

415 419 504 446 eum
521 409 557 446 in
578 409 735 447 modum
748 409 948 460 accipitur,
961 420 1028 447 aut
1041 422 1106 460 per
1119 409 1267 461 linguae
1279 410 1433 460 genium
1452 408 1568 459 accipi
1585 418 1672 459 pot-

414 460 479 499 est.
498 461 732 513 Stephanus
725 471 800 513 ita
806 474 852 500 ue
871 461 947 501 Th.
966 461 1017 500 T.
1039 461 1072 500 11
1084 475 1146 512 ‚.p
1173 464 1242 514 565
1265 462 1313 500 A.
1339 474 1427 500 cum
1447 463 1674 512 adeamap-

415 514 670 564 prehendendi
691 475 1001 567 figniqticationem
1021 514 1274 554 stabiliendam
1294 515 1396 554 hunc
1411 513 1586 554 attuliffet
1609 512 1676 552 so-
1735 530 1738 535 ·

416 567 495 605 lum
517 567 672 606 Luciani
690 568 844 613 locum,
859 579 971 607 caute
988 568 1107 607 addit.
1133 571 1203 607 Sed
1217 568 1360 621 fhrtaffc
1371 583 1435 620 pro
1457 569 1673 606 ἀπείληπτο

419 620 588 672 legendum
601 621 669 673 est'
655 621 876 660 επείληπτο·
890 637 968 660 nam
982 623 1113 660 verbum
1125 619 1566 674 ἑπιλοιμβάνομοιιραβὶνε
1575 621 1675 659 etiam
1733 637 1737 644 ·

417 673 568 725 (potius
580 673 728 714 dixiffet
739 674 861 721 medie,
878 675 960 721 vel,
972 676 1061 713 verbi
1075 675 1169 714 medii
1181 675 1320 726 virtute)
1335 674 1405 725 usu
1404 687 1519 726 rpatur
1527 688 1592 725 pro
1606 687 1677 726 ap-

413 728 593 779 prehendo.
614 727 717 766 Nihil
737 727 790 766 est
808 728 874 766 illo
895 727 965 767 usu
987 727 1250 780 frequentius,
1271 740 1387 780 quem
1412 727 1498 766 satis
1522 727 1677 767 firmant

418 780 598 841 exempla
610 781 657 820 ab
679 782 730 820 H.
745 781 941 838 Stephano
963 781 1155 830 producta.
1190 781 1378 820 Nosterin
1396 777 1488 834 Εὗχ.
1506 779 1584 829 §4,
1602 779 1677 820 τῶν

420 847 620 893 κεροιάκων
637 835 912 883 ἐπειλημμένον.
931 835 1091 874 Maxim.
1108 835 1208 886 Tyr.
1231 833 1324 873 Diff.
1343 835 1400 880 V,
1420 834 1605 879 ἐπιβάτης
1622 831 1678 873 εὖ-

421 887 561 927 κίνητος
581 889 652 926 οίος
677 887 863 934 καλῳέίου
888 888 1157 933 ἑπιλοιᾷέο-ἓιοιι.
1176 889 1394 940 Artapanus
1409 887 1544 951 apuwd
1543 886 1680 928 Euseb.

420 943 540 992 Προπ.
564 937 846 989 Eu.1X‚T0vs?÷
863 943 1011 980 Μώυσον
1023 943 1096 981 &c.
1108 941 1371 990 ἐπιλαβόμενον
1380 954 1447 980 της
1461 939 1577 999 οὗροῖς.
1567 938 1680 980 .P1u-
1747 977 1748 982 ,

420 1006 481 1033 res
498 993 685 1041 lcribunt,
701 972 927 1034 ’Herculem'
920 1007 959 1033 m
972 995 1086 1034 nobili
1101 995 1306 1034 certamine
1319 993 1482 1034 Acheloi
1497 1009 1562 1033 του
1576 993 1686 1045 nipe«

420 1061 486 1086 ‘tos
500 1047 562 1086 vel
575 1050 733 1099 θατέρου
744 1062 818 1087 των
828 1049 989 1106 κεράτων
1000 1047 1265 1098 ἐπιλαβόμενον
1283 1047 1372 1087 illud
1385 1045 1592 1100 defreglffe.
1602 1047 1681 1087 He-

420 1100 529 1151 sych.
542 1100 827 1151 Ἐπειλημμένη,
846 1115 1050 1153 κροιτουσοι·
1068 1102 1113 1141 ad
1130 1102 1227 1141 hanc
1241 1100 1403 1141 formam
1413 1101 1605 1140 emendari
1620 1100 1685 1140 de·

421 1154 488 1193 bet
507 1154 618 1192 bisin
633 1167 683 1193 eo
696 1154 829 1194 vitiose
840 1153 1046 1207 scriptum,
1068 1154 1201 1196 semel'
1194 1155 1472 1219 Απελημμένη,
1491 1167 1682 1205 κρατῆσαι·
1746 1176 1748 1180 -

422 1221 492 1252 σοι,
512 1207 647 1246 iterum
663 1206 902 1257 ’Ὑπειλημμέ
905 1222 956 1254 νη,
971 1208 1251 1260 ἀντειλημμένη·
1277 1209 1384 1248 cuius
1400 1208 1543 1247 erroris
1555 1206 1618 1247 cul
1647 1220 1683 1255 a,

422 1273 657 1313 quamquam
672 1260 873 1301 mendosos
887 1261 1039 1301 codices
1053 1261 1155 1301 forte
1169 1261 1289 1314 poffet
1301 1260 1506 1309 excusare,
1518 1261 1556 1299 in
1568 1261 1605 1312 ip
1623 1273 1686 1300 ius

422 1323 552 1353 tamen
568 1313 754 1365 Hesychia
764 1324 877 1367 caput
893 1315 1032 1354 recidit.
1045 1316 1149 1355 Idem
1163 1314 1246 1369 post
1265 1314 1389 1354 Ἐπιλ’
1375 1329 1521 1360 men-105,
1533 1314 1597 1354 vel
1612 1327 1684 1366 po-

422 1367 500 1406 tius
505 1367 992 1420 ‚quodrestituendumest,
1008 1367 1270 1420 Ἐπιλήμητος·
1280 1369 1366 1408 Ἐπε
1353 1371 1684 1419 ειλημμένοςμοιτ-

424 1422 546 1471 έχων,
567 1422 810 1473 τετυχηκώς.
834 1423 997 1461 HEMST.

480 1478 554 1514 ead.
568 1477 591 1514 l
608 1474 642 1514 8.
663 1475 840 1528 Νεφέλην)
856 1475 987 1516 Scribe
1001 1476 1172 1524 Νεφέλην,
1187 1475 1407 1527 Nephelen,
1426 1484 1516 1515 cum
1537 1475 1576 1514 in
1590 1475 1685 1515 vul-

431 1528 529 1581 gatis
543 1541 625 1568 non
644 1530 778 1568 edatur
798 1539 979 1589 tanquam
1003 1531 1212 1582 proprium.
1237 1529 1407 1570 Gnstv.

483 1585 554 1622 ead.
575 1583 599 1620 l.
613 1597 674 1634 23.
689 1582 758 1622 Τὴν
779 1597 876 1623 vno-ov
897 1584 958 1622 τὴν
971 1595 1040 1622 πλ.
1045 1584 1062 1636 )
1076 1583 1206 1623 Delon
1227 1585 1339 1624 maris
1351 1583 1522 1635 Aegaei,
1538 1581 1687 1633 Cycla-

425 1635 517 1674 dum
528 1649 699 1675 omnium
715 1636 975 1683 clariffimam,
992 1637 1028 1675 in
1042 1650 1118 1690 qua
1132 1637 1279 1677 Latona
1292 1637 1514 1690 Apollinem
1531 1648 1577 1675 ac
1591 1635 1687 1675 Dia-

426 1702 519 1728 nam
539 1690 671 1730 dicitur
685 1690 812 1730 enixa:
834 1691 879 1730 de
899 1703 975 1743 qua
991 1690 1116 1730 Cicer.
1140 1690 1220 1730 ΙΙΙ
1213 1704 1250 1730 ιη
1273 1692 1385 1731 Verr.
1412 1689 1454 1729 &
1477 1689 1616 1748 virgil.
1633 1689 1687 1729 111

428 1742 574 1794 Georg.
596 1742 710 1784 Dicta
734 1754 861 1784 autem
882 1755 1037 1797 putatur
1057 1752 1176 1784 Δηλος
1198 1744 1278 1783 ἀπὸ
1302 1742 1371 1783 τοῦ
1390 1741 1538 1790 δἠλουν,
1557 1743 1687 1795 quod,

427 1809 518 1836 cum
540 1808 651 1836 antea
673 1798 768 1836 mari
791 1799 890 1838 tecta
915 1796 1027 1846 estet,
1048 1798 1218 1837 Latonae
1240 1798 1370 1838 locum
1396 1797 1443 1836 ad
1462 1797 1687 1849 pariendum

427 1851 627 1909 quaerenti
647 1861 802 1916 repente
824 1850 860 1890 se
875 1850 1092 1891 ostenderit.
1113 1851 1257 1892 COGN.
1273 1853 1378 1892 Bene
1397 1851 1489 1890 liber
1502 1849 1685 1910 scriptus:

428 1918 495 1943 των
520 1917 621 1944 νησον
639 1917 708 1944 την
728 1905 983 1954 πλανωμένην,
999 1899 1024 1944 ὠ
1049 1905 1245 1951 Πόσειδον,
1263 1920 1329 1945 την
1348 1903 1689 1945 ἀποσπασῧεισοιν.

430 1956 605 1996 GRAEv.
624 1957 753 1998 Locus
764 1958 941 2004 mutilus,
956 1970 1024 1998 aut
1036 1969 1252 2012 corruptus
1268 1959 1344 1999 Pro
1358 1973 1442 2006 την,
1483 1957 1559 1998 uod
1575 1957 1689 1997 habet

430 2010 502 2050 Gr.
518 2010 588 2050 Ms.
604 2022 691 2051 ante
712 2011 1054 2058 ἀποοποιοκεισοιν,
1079 2011 1278 2065 legendum
1301 2010 1466 2053 censeo‘
1458 2027 1510 2054 nv.
1528 2012 1687 2052 SOLAN.

430 2064 614 2104 Mutilum
642 2064 716 2104 effe
740 2065 842 2105 hunc
872 2066 1029 2105 Luciani
1050 2066 1179 2105 locum
1202 2079 1285 2106 non
1311 2065 1501 2106 concedo:
1526 2078 1573 2105 ne
1595 2066 1690 2119 quid

431 2119 607 2171 corrupti
619 2117 906 2166 infideat‚valde
920 2132 1070 2159 vereor.
1081 2119 1247 2159 Primum
1261 2119 1364 2159 exC.
1373 2119 1443 2160 Gr.
1455 2121 1519 2159 την
1531 2119 1688 2159 ἁποσπ.

430 2172 454 2210 1;
462 2172 592 2210 benter
604 2171 797 2221 asciver03
818 2183 906 2226 apte
926 2184 1147 2226 congruunt
1167 2175 1229 2213 την
1246 2173 1502 2224 πλανωμένην,
1515 2186 1581 2212 την
1595 2172 1691 2212 ἀπο·

431 2224 690 2265 omo-&Tem
710 2225 861 2266 Deinde
876 2225 1043 2266 avulsam
1056 2240 1076 2265 a
1089 2226 1212 2266 Sicilia
1226 2225 1331 2267 fuiffe
1342 2226 1487 2266 Delum
1497 2226 1583 2280 quis
1595 2226 1696 2266 alius

431 2279 636 2328 tradiderit,
652 2291 730 2319 non
746 2280 943 2320 recordor:
962 2280 1007 2319 de
1020 2280 1153 2320 Cilicia
1166 2279 1292 2320 nescio
1332 2280 1393 2320 uid
1403 2281 1531 2321 animo
1546 2280 1691 2320 obver-

431 2331 551 2380 satur,
572 2345 805 2386 quamquam
832 2334 941 2373 locus
968 2334 1159 2385 leriptoris
1182 2334 1280 2374 haud
1322 2346 1507 2374 uccurrat.
1535 2333 1581 2373 Et
1603 2332 1691 2378 sane

432 2386 556 2425 multo
569 2385 714 2426 facilior
727 2397 806 2426 erat
819 2386 951 2427 cursus
963 2400 984 2426 a
997 2387 1133 2427 Cilicia
1148 2400 1233 2427 eam
1250 2388 1288 2427 in
1308 2386 1455 2436 sedem,
1475 2387 1542 2427 ubi
1554 2386 1692 2427 funda-

432 2450 470 2478 ta
485 2438 556 2478 fuit
568 2439 711 2489 Delos,
725 2453 840 2493 quam
856 2439 883 2479 sl
898 2441 1024 2480 demta
1037 2440 1186 2481 Siciliae
1205 2441 1340 2481 eodem
1356 2439 1471 2480 ferri*
1462 2441 1599 2480 itinere
1620 2440 1692 2479 im·
1745 2470 1748 2478 .

431 2493 617 2546 peditiore
628 2493 828 2537 debuisset:
851 2493 1186 2537 considerandum
1177 2503 1328 2549 itaque,
1343 2507 1392 2536 an
1404 2494 1546 2536 dederit
1559 2494 1694 2535 Lucia·
