1748 3420
128 240 214 286 IN
261 238 693 287 DIALocos
744 240 1132 291 MARINOS.
1202 243 1294 308 381·

33 329 200 376 nus‚‘ri¹w
221 331 547 373 ἀποσπασθεῖσαν
566 329 632 371 τῆς
653 331 833 370 Κιλικίας.
859 333 948 371 Hoc
971 332 1112 372 scilicet
1135 345 1215 373 tum
1240 333 1299 373 fa-

35 383 138 424 &um
150 414 161 431 ‚
173 396 261 423 cum
277 407 321 414 —
341 387 393 423 τα
407 385 605 437 πρώτιστα
614 384 748 436 μέγας
761 386 846 424 θεὶς
862 385 966 437 οὔρεα
979 387 1100 425 δείνων
1111 388 1209 438 Ἄορι
1223 403 1297 438 τρι·

32 437 201 492 γλώχινι
229 459 273 467 -
300 437 437 478 Νήσους
462 438 625 477 εἰναλίας
647 437 847 488 εἰργάζετο
870 460 914 467 -
942 438 1083 478 Delum
1108 454 1204 479 vero
1231 437 1295 479 οὐκ

33 488 182 540 ἕθλιψεν
198 490 366 542 ἀνάγκη,
383 491 486 530 Ἀλλ’
499 492 634 538 ἀφετος
646 491 889 542 πελάγεσσιν
904 491 1066 531 ἐπέπλεε
1081 515 1125 522 -
1146 504 1188 532 ut
1203 497 1296 546 poe-

32 543 107 582 tica
123 542 198 582 fide
211 545 311 583 canit
324 543 544 583 Callimach.
556 545 605 583 H.
619 545 656 582 in
668 543 756 582 Del.
773 558 811 583 v.
830 558 898 596 30,
914 545 981 596 qui
1003 545 1098 584 idem
1126 560 1217 586 mox
1238 548 1294 585 in-

32 594 180 636 stabiles
197 595 338 636 insulae
360 610 529 643 errores,
544 609 746 649 antequam
758 595 869 635 firma
883 599 1007 637 radice
1023 599 1219 647 niteretur,
1233 599 1297 639 sed

33 649 73 689 in
85 649 242 703 Aegaeo
255 651 350 689 mari
367 650 488 690 solum
504 651 548 689 ad
561 649 682 689 smum
693 650 915 690 Saronicum
927 651 966 691 δι
975 652 1175 704 Euripum,
1189 666 1297 692 com-

34 714 234 742 memorat.
256 703 376 743 Porro
391 703 559 743 diffidere
579 704 670 742 mihi
691 714 838 742 tantum
850 705 1029 744 videntur
1045 700 1185 753 ὕφαλον
1210 706 1294 745 ἐπι-

34 753 220 809 νηχεσῧαι
237 785 248 804 ,
265 769 307 796 ut
319 757 525 796 commode
539 757 642 810 iungi
656 769 737 795 non
752 756 912 810 poffint:
933 757 985 797 est
1001 759 1100 797 enim
1118 757 1298 812 ἐπινήχε-

35 813 143 856 σῧαι,
153 811 189 848 in
195 809 328 860 summo
343 812 427 849 mari
441 811 612 850 erraticam
627 811 792 859 innatare,
813 807 954 859 ὕφαλος
967 822 1094 850 autem
1109 813 1194 851 mari
1209 829 1294 851 mer-

27 863 105 916 sus,
117 863 180 903 vel
196 863 323 903 saltem
330 864 410 915 salo
421 863 640 916 fluffl'busque
652 867 772 903 teelus:
787 865 886 903 unde
901 860 1033 913 ὕφαλοι
1046 865 1194 916 πέτραι.
1208 866 1297 906 Cal.

33 916 196 957 limacho
210 918 361 969 quidem
375 918 479 957 licuit
494 916 636 956 Delum
652 918 773 958 dicere
789 917 976 965 ἐπιπλεῖν,
989 930 1027 957 v.
1043 918 1105 970 36,
1125 931 1183 971 53,
1203 932 1300 966 212,·

34 980 77 1009 ut
89 971 168 1022 qui,
187 971 361 1023 quamvis
374 970 520 1010 sedibus
532 971 719 1010 continuo
736 971 891 1010 mutatis
905 981 1106 1022 vagantem
1118 1001 1132 1017 ,
1148 971 1298 1025 conspi-

33 1035 147 1064 cuam
160 1034 286 1063 tamen
297 1023 412 1063 fecit:
437 1025 608 1064 Luciano
625 1037 706 1064 non
718 1025 832 1073 item;
852 1037 939 1063 nam
954 1024 1077 1063 Delos
1091 1026 1188 1076 apud
1204 1039 1295 1066 eum

34 1078 127 1117 mari
144 1076 261 1117 mersa
283 1077 483 1125 delitescit,
503 1078 626 1117 donec
641 1078 680 1116 in
693 1078 816 1117 lucem
832 1078 1015 1131 prodeat,
1032 1089 1146 1131 atque
1159 1078 1293 1119 insula-

33 1144 121 1171 rum
134 1132 172 1170 in
183 1132 353 1171 ordinem
370 1131 494 1174 defixa
505 1142 684 1184 cogatur:
706 1132 793 1171 ideo
805 1131 975 1180 ἀνάφηνον
988 1131 1028 1170 &
1042 1131 1294 1181 ἀναφανεῖσα,

35 1184 78 1224 δι
91 1197 114 1223 a
126 1185 311 1237 Neptuno
323 1185 477 1224 iubetur
492 1183 678 1224 ἀναὲὖναι
693 1184 733 1224 ἐκ
748 1183 816 1223 τοῦ
828 1184 934 1231 βυθοῦ
944 1215 954 1230 .,
968 1185 1033 1224 καὶ
1041 1185 1183 1236 μηκέτι
1199 1182 1296 1226 ὑπο-

36 1238 221 1291 φέρεσθαι.
246 1239 336 1278 Hoc
348 1239 639 1278 incommodum
652 1239 827 1278 amoveri
838 1238 961 1291 potest
974 1238 1167 1279 scribendo
1177 1270 1189 1286 ,
1201 1237 1294 1289 ὕφα-

34 1302 96 1331 λον
113 1291 166 1330 ἔτι
191 1291 382 1343 νήχεσθαι
398 1293 619 1342 συμβέβηκε·
639 1305 765 1344 neque
785 1292 877 1331 illud
898 1293 950 1332 ’έτι
966 1305 1186 1345 opportune
1200 1295 1294 1346 poni

35 1345 233 1398 quisquam
256 1345 497 1394 diffitebitur3
519 1359 633 1393 mOX,
656 1347 720 1384 καὶ
735 1345 875 1396 μηκέτι
897 1347 1082 1387 πλέουσα·
1109 1347 1145 1386 id
1166 1359 1298 1387 autem

34 1399 133 1438 idem
151 1400 235 1438 vitii
251 1411 371 1452 genus
384 1399 530 1453 saepius
548 1412 569 1439 e
588 1399 759 1439 Luciano
774 1400 884 1439 nobis
904 1399 1106 1439 eluendum
1126 1402 1207 1440 erit.
1231 1401 1300 1442 De

33 1463 175 1492 exortu
188 1452 277 1492 Deli
293 1454 493 1506 repentino
504 1483 516 1499 ,
538 1453 695 1506 prolatis
710 1452 867 1493 Luciani
882 1453 1007 1493 verbis
1018 1484 1027 1500 ‚
1043 1465 1161 1506 agunt
1177 1455 1295 1494 Brod.

35 1507 83 1547 ad
96 1505 311 1552 Anth01.1,
334 1519 369 1546 c.
393 1507 437 1559 58
450 1538 461 1556 ‚
483 1507 613 1546 Barth.
638 1506 684 1545 ad
713 1506 805 1547 Stat.
821 1506 997 1553 Theb.1‚
1014 1520 1112 1558 702,
1132 1508 1297 1549 Advers.

35 1560 179 1607 XLIX,
194 1574 227 1600 c.
247 1574 278 1611 5.
304 1561 479 1600 Verbum
493 1573 591 1600 vero
613 1560 785 1612 inprimis
806 1566 1068 1613 opportunum
1086 1563 1298 1609 ἀναφαίνειν

34 1614 78 1653 &
98 1614 347 1663 ἀναφανῆναι,
367 1627 414 1654 ex
428 1627 509 1667 quo
528 1614 689 1654 alterum
713 1614 830 1653 etiam
845 1614 934 1654 Deli
954 1627 1095 1654 nomen
1116 1615 1297 1656 exstitisse

34 1666 203 1716 Ἀνάφην,
213 1667 383 1722 Νέπειὲὲιν
408 1667 637 1717 ἀναφανεῖσα
659 1663 754 1707 svikn
780 1668 947 1720 ἐγένετο,
972 1668 1204 1718 ἀὲηλουμένη
1226 1671 1296 1710 καὶ

34 1720 178 1769 ἀφανὴς
191 1722 284 1760 οὐσα
295 1724 340 1761 το
353 1722 496 1770 παλαι,
509 1720 673 1774 prodidit
687 1720 792 1761 Philo
809 1721 888 1773 περὶ
899 1721 993 1769 Ἀφθ.
1007 1721 1150 1772 Κόσμον
1166 1737 1200 1775 p.
1216 1724 1299 1775 960

37 1775 89 1814 A.
106 1774 167 1814 sed
180 1774 310 1815 Iudaei
325 1775 493 1815 hominis
508 1787 676 1814 errorem
687 1805 698 1823 ,
713 1775 783 1827 qui
797 1774 985 1828 Anaphen
999 1786 1041 1815 ut
1054 1777 1232 1822 nomine,
1245 1775 1299 1817 sic

35 1827 109 1868 situ
127 1828 376 1877 diffociamm,
394 1842 482 1869 cum
500 1828 605 1868 Delo
627 1827 802 1868 confudit
814 1857 825 1875 ‚
852 1829 990 1868 merito
1009 1828 1239 1881 castigarum
1253 1831 1301 1872 L.

37 1881 211 1922 Holsten.
225 1883 271 1921 ad
280 1883 458 1936 Stephan.
469 1884 506 1922 in
515 1883 664 1930 Ἀνάφη,
676 1883 717 1922 &
729 1882 792 1921 Ez.
801 1882 1001 1934 Spanhem.
1014 1883 1059 1921 ad
1070 1882 1303 1927 Callimach.'

38 1935 91 1974 H.
110 1936 148 1975 in
164 1936 253 1976 Del.
268 1951 307 1976 v.
325 1952 382 1990 53.
398 1937 579 1977 Rhodum
593 1948 763 1989 quoque,
779 1937 888 1975 cuius
900 1935 939 1975 δι
951 1936 1059 1976 Philo
1069 1937 1226 1976 eandem
1241 1938 1297 1977 ob

11 2012 14 2019 ·
36 1989 184 2029 causam
202 2001 442 2037 meminerat,
460 1990 552 2030 olim
577 1989 673 2029 infra
689 1989 826 2030 Ηυξὶυς
838 1989 1041 2042 depreffam
1063 1989 1295 2039 ἀναφανῆναι

37 2039 187 2096 ὕστερον
205 2043 438 2097 ξηρανθεῖσαν
458 2043 674 2084 Heraclides
692 2044 756 2082 ait.
781 2044 950 2083 HEMST.

88 2097 180 2148 Pag.
195 2111 210 2137 1
222 2099 314 2151 13.l.
331 2112 362 2136 ι.
377 2097 513 2150 Δῆλον)
526 2097 574 2136 Et
583 2096 666 2137 inde
680 2109 822 2136 nomen
837 2095 993 2143 insulae,
1004 2097 1124 2136 Delos.
1137 2096 1295 2138 SOLAN.

91 2153 165 2190 ead.
178 2151 202 2190 l.
223 2165 282 2204 13·
294 2151 510 2205 Ἀνώμοτος)
522 2151 665 2191 Thom.
682 2151 787 2204 Mag.
802 2151 842 2189 in
854 2151 1069 2202 Ἀπώμοτος
1080 2151 1201 2191 utitur
1217 2153 1298 2193 hoc

40 2203 143 2244 loco.
166 2204 330 2244 HEMST.
383 2249 406 2258 μ

93 2257 181 2311 Pag.
202 2272 217 2297 1
231 2272 287 2308 ¹4·
302 2259 324 2297 l.
340 2273 375 2298 2.
389 2258 434 2296 Ὠ
448 2259 633 2311 Τρίτωνες)
649 2258 830 2298 Tritones
842 2257 982 2312 plures.
998 2257 1133 2310 Virgil.
1147 2259 1186 2298 V
1196 2258 1298 2299 Aen.

45 2311 257 2364 Tritonesque
269 2313 341 2361 citi,
361 2314 544 2365 Phorcique
557 2313 716 2353 exercitus
731 2312 849 2352 omnis.
863 2312 963 2351 Idem
976 2311 1014 2350 X
1029 2311 1129 2351 Aen.
1144 2326 1183 2351 v.
1201 2327 1221 2351 2
1230 2326 1294 2352 10:

39 2364 150 2404 Hunc
162 2367 251 2404 vehit
260 2367 415 2405 immanis
430 2367 558 2416 Triton,
568 2366 602 2404 δ’
615 2366 750 2406 caerula
766 2367 894 2405 concha
909 2368 1093 2404 Exterrens
1099 2363 1191 2416 freta
1200 2381 1217 2412 ;
1235 2366 1294 2405 cui

39 2418 180 2458 laterum
195 2433 290 2459 tenus
303 2420 434 2473 hispida
449 2421 545 2459 nanti
557 2422 667 2460 Frons
684 2421 843 2459 hominem
859 2417 1008 2471 praefert
1018 2434 1034 2466 ,·
1052 2420 1086 2459 in
1104 2419 1226 2469 Pristin
1240 2422 1296 2457 de-

31 2473 116 2523 finit
138 2473 251 2513 alvus.
272 2473 392 2521 Sunt,
412 2475 479 2527 qui
497 2475 660 2514 triremis
679 2486 822 2514 nomen
840 2472 980 2513 volunt
1005 2471 1078 2512 effe
1094 2485 1116 2511 a
1134 2471 1299 2512 Tritone

42 2526 82 2565 in
96 2537 140 2566 ea
162 2527 308 2580 depieta
321 2527 437 2568 belua
452 2529 615 2569 marina:
635 2541 724 2568 nam
745 2527 787 2568 δι
801 2540 903 2568 nunc
917 2539 1075 2579 quoque
1096 2524 1205 2566 suum
1220 2526 1298 2565 cui.
