1748 3420
439 219 534 281 316
641 212 1514 264 'ANNOTATIONES

491 301 565 338 ead.
583 301 605 338 l.
624 312 681 339 10.
698 300 839 352 Πρέποι
851 303 929 355 γὰρ
942 302 986 341 ἂν
1004 302 1099 354 &c.)
1112 301 1305 354 Κοινηφόροι
1317 305 1482 356 virgines
1493 304 1643 344 nubiles
1656 313 1706 336 -··

434 353 630 405 Hartung.
644 367 679 404 p.
692 354 782 406 658.
800 370 947 406 πρεποι,
973 369 1046 408 pro
1058 370 1193 407 πρεπει
1207 369 1256 396 ex
1273 357 1311 396 P.
1327 357 1424 398 Cod.
1439 358 1595 397 SOLAN.
1607 357 1708 398 Vul—

437 416 566 457 gatam
586 419 664 446 non
688 409 796 447 movi
811 424 822 447 .·
840 421 964 461 neque
979 421 1106 448 tamen
1122 410 1398 459 damnandum,
1417 412 1549 463 πρέποι
1562 412 1641 463 γὰρ
1659 412 1708 450 ἂν

439 458 555 508 κᾲμέ·
572 472 614 498 ut
637 462 674 498 in
698 461 867 500 Platonis
891 462 975 502 Alc.
990 462 1028 508 Ι,
1049 477 1084 514 p.
1103 478 1179 515 432
1193 462 1239 502 C.
1255 468 1385 514 πρέποι
1396 467 1476 518 γὰρ
1491 464 1536 503 aiv
1551 478 1624 503 που
1640 464 1709 503 καὶ

436 513 496 550 σοὶ
519 515 562 551 τὸ
588 514 717 554 καλῶς
738 513 1017 569 ἐκλέγεσθαι.
1036 516 1232 568 Κοινηφὸρον
1255 516 1388 556 habuit
1410 519 1521 557 etiam
1540 517 1711 558 Scholia-

436 565 530 605 stes:
548 580 648 619 quae
667 568 770 607 nulla
783 568 837 607 est
863 568 975 609 causa
988 598 997 615 ‚
1021 581 1091 608 cur
1110 571 1255 609 Veneri
1273 572 1444 622 νικηφόρῳ
1464 570 1710 624 praeferenda

439 619 636 660 videatur:
658 621 748 661 huic
766 623 910 675 optime
923 622 1126 675 respondet
1148 622 1330 675 ἑορτάζειν
1351 627 1405 662 τοι
1418 624 1596 664 ἐπινίκια.
1609 625 1710 664 Har·

436 684 583 726 tungus
597 674 694 715 Dec.
710 675 752 722 1,
769 675 932 722 c.V111,
950 676 966 725 §
987 690 1047 728 37,
1069 677 1162 715 nihil
1180 677 1280 716 aliud
1299 676 1411 718 affert
1423 708 1434 725 ‚
1451 690 1567 730 quam
1587 677 1710 718 Scho-

437 726 565 766 liastae
578 728 778 768 Theocriti
791 730 923 768 locum
937 731 983 768 ad
997 730 1074 769 Eid.
1094 730 1128 769 11
1142 759 1153 778 ‚
1176 731 1226 770 66
1237 761 1250 778 ,
1270 732 1339 769 ubi
1353 731 1529 778 docetur,
1543 731 1712 784 virgines

437 781 505 821 vel
520 781 692 829 nubiles,
707 783 772 822 vel
785 785 918 836 potius
933 795 1118 846 nupturas
1129 813 1143 829 ,
1159 782 1209 833 τῇ
1220 784 1411 835 Ἀρτέμιὲι
1426 785 1632 836 κανηφορεῖν
1642 785 1708 824 ἐπὶ

436 834 644 883 ἀφοσιώσει
657 835 723 876 τῆς
745 836 952 888 παρθενίοις,
974 835 1038 876 ‘uvea
1054 837 1108 887 μὴ
1131 837 1371 887 νεμεσηθῶσιν
1394 835 1459 876 ὑπ’
1473 834 1601 878 οιῦτῆς.
1620 839 1712 879 Hoc

437 889 533 940 quid
546 889 672 929 valeat
684 890 731 929 ad
744 891 937 941 κοινοφόρον
951 889 1191 937 firmandam,
1205 904 1285 931 non
1298 891 1428 931 video.
1440 890 1515 930 Etsi
1529 904 1713 944 pompam

438 943 653 994 nuptialem
681 945 892 994 κανηφόρος,
909 944 973 983 vel
995 945 1109 984 etiam
1127 944 1274 998 plures,
1295 945 1401 997 quod
1426 943 1514 984 sane
1537 943 1621 984 fieri
1639 958 1712 998 po-

438 997 536 1043 tuit,
557 997 745 1048 κοινηφόροι
771 996 1108 1051 proseqnerentur,
1134 1011 1205 1038 cur
1225 999 1301 1039 hoc
1320 999 1387 1038 sibi
1408 1011 1550 1038 munus
1571 1000 1715 1052 praeci-

438 1063 564 1102 puum
590 1051 725 1090 Venus
740 1050 944 1102 deposcere
963 1051 1163 1098 voluisset,
1182 1065 1282 1105 quae
1308 1053 1461 1092 tandem
1482 1053 1582 1092 ratio
1605 1065 1715 1092 com-

440 1104 556 1142 moda
572 1103 814 1156 proferetur?
835 1105 889 1144 At
912 1106 1076 1144 multum
1092 1106 1136 1144 ad
1150 1107 1232 1145 eius
1245 1107 1434 1146 honorem
1445 1105 1633 1145 referebat
1644 1137 1655 1154 ‚
1681 1105 1711 1146 fi

439 1155 539 1195 hisce
558 1159 697 1209 nuptiis
712 1189 724 1202 ,
742 1171 837 1210 quas
848 1158 924 1211 ipsa
939 1159 1056 1198 Paridi
1070 1158 1106 1198 se
1121 1160 1409 1200 conciliaturam
1425 1159 1499 1200 esse
1510 1161 1712 1212 promittit,

440 1209 552 1249 vielis
567 1209 716 1251 formae
727 1212 914 1252 rivalibus
926 1243 936 1260 ‚
957 1211 1148 1252 intereffet
1166 1214 1359 1266 νικηφόρος.
1379 1214 1449 1254 Gr.
1464 1213 1714 1253 Coalefflo-

440 1276 530 1302 nem
545 1265 595 1304 ita
616 1264 731 1317 poffis
751 1265 958 1319 refingere:
980 1283 1041 1318 πρ.
1064 1269 1144 1320 ‘yde
1157 1267 1258 1318 κᾲμὲ
1272 1267 1469 1319 νικηφόρον,
1480 1264 1585 1319 οἶμαι
1597 1297 1610 1316 ,
1627 1262 1715 1318 ὑμῖν

441 1317 627 1368 παρεῖναι.
642 1319 807 1358 HEMST.

456 1420 476 1428 „
495 1372 574 1411 ibid.
588 1372 799 1426 Νικηφόρον)
818 1373 863 1412 In
882 1372 952 1412 Ms.
967 1371 1142 1414 scribitur
1156 1375 1290 1425 πρέπει
1304 1376 1384 1426 γὰρ
1404 1371 1506 1423 κᾴμὲ
1522 1374 1723 1427 κανηφόρον

439 1428 533 1465 sim
547 1424 630 1476 ὑμῖν
641 1428 829 1478 παρεῖναι·
842 1426 903 1467 sed
917 1427 1115 1480 vulgatam
1129 1441 1208 1468 non
1225 1429 1376 1468 damno.
1393 1427 1567 1468 GRAEv.

495 1482 567 1518 ead.
583 1480 608 1518 l.
632 1493 689 1533 13.
705 1480 888 1539 Τοντουῗ)
901 1481 972 1521 Ms.
985 1481 1065 1521 Ox.
1082 1495 1156 1533 pro
1170 1480 1316 1521 τούτου.
1331 1482 1489 1522 SOLAN.
1566 1529 1589 1538 m

493 1535 570 1573 ead.
586 1535 610 1572 l.
628 1547 640 1571 ι
654 1547 683 1584 5.
701 1535 826 1574 Βούλει
843 1539 902 1575 οὑν
924 1535 1012 1588 σοι)
1034 1535 1104 1574 Ms.
1121 1535 1201 1575 Ox.
1219 1536 1331 1575 habet
1349 1535 1395 1574 τέ
1411 1549 1483 1574 σοι.
1502 1535 1532 1574 I.
1546 1537 1618 1574 σὺν.
1631 1534 1716 1574 De·

440 1585 526 1625 sunt
541 1588 578 1626 in
593 1588 648 1626 Η.
666 1591 717 1629 Η.
735 1590 776 1628 &
793 1591 908 1630 Weclz.
921 1590 1006 1642 Ego
1017 1589 1114 1629 hanc
1127 1590 1212 1629 inde
1228 1589 1459 1630 concinnavi
1476 1588 1717 1642 scripturam.

440 1640 601 1680 SoLAN.

495 1696 574 1734 ibid.
596 1695 883 1750 Ἐπομόο-ομοιι)
907 1695 1138 1749 Conspirant
1158 1697 1240 1737 edd.
1262 1696 1441 1736 cuneiae:
1465 1696 1717 1737 nihilominus

440 1748 645 1801 legendum
667 1750 912 1801 ἐπομόσωμοιι
938 1762 1096 1803 propter
1120 1749 1181 1790 ἰ’νοι
1195 1782 1208 1799 ,
1225 1751 1333 1803 quod
1350 1750 1590 1804 intelligitur:
1609 1750 1717 1791 πάνυ

443 1804 524 1856 ’γὰρ
542 1803 684 1852 ἀμαθὲς
701 1803 766 1842 ἐπὶ
780 1802 846 1844 τοῦ
858 1806 1064 1854 μέλλοντος
1082 1800 1146 1844 ἵνα,
1160 1833 1172 1852 ,
1192 1807 1210 1845 35
1226 1805 1304 1852 ἐὰν,
1317 1805 1336 1844 ii
1351 1804 1409 1853 ἂν,
1421 1804 1441 1844 ἢ
1458 1804 1548 1843 ὅταν
1559 1803 1689 1843 τιθέναι
1702 1833 1720 1850 ,

442 1869 629 1897 monente
649 1857 804 1897 Thoma
828 1857 1024 1911 Magistro.
1043 1857 1145 1898 Dial.
1168 1859 1225 1898 M.
1249 1859 1310 1905 X,
1336 1858 1351 1907 §
1373 1857 1423 1905 8,
1445 1857 1569 1904 βούλει
1585 1859 1715 1910 μικρον

441 1910 645 1960 ἀφέλωμαι
661 1912 729 1949 καὶ
745 1911 817 1951 τῶν
837 1913 981 1959 ὀφρύων.
1001 1911 1197 1965 Aristoph.
1216 1911 1315 1952 Ran.
1339 1926 1379 1951 v.
1401 1925 1480 1961 420
1493 1941 1505 1959 ,
1531 1912 1656 1965 Equit.
1671 1925 1717 1951 v.

447 1977 510 2015 52,
532 1963 654 2004 Βούλει
666 1965 822 2016 πειραθῶ
836 1967 892 2006 σοὶ
905 1965 1065 2018 Σόρπονς
1081 1966 1182 2007 ldem
1196 1968 1234 2006 in
1246 1966 1417 2006 Timone
1430 1966 1571 2006 vitium
1583 1977 1718 2007 corre-

443 2018 604 2067 ximus§
623 2032 684 2071 37.
708 2020 873 2059 HEMST.

497 2073 535 2111 in
553 2073 668 2112 Sclzol.
681 2074 744 2112 col.
760 2087 791 2112 1.
806 2075 829 2112 l.
852 2088 883 2112 1.
900 2073 1104 2127 Φιλόχορος
1116 2074 1149 2114 ἐν
1164 2072 1395 2126 Β.Ἀτθι’ἑ“ος)
1408 2073 1498 2112 Exc.
1515 2073 1566 2114 G.
1583 2074 1606 2118 β
1619 2073 1716 2111 Ἀτ-

443 2123 530 2164 Θιὲι·
551 2124 690 2165 fatetur
708 2138 835 2167 tamen
857 2126 894 2166 se
907 2127 1082 2180 reperiffe
1097 2128 1134 2166 in
1147 2128 1246 2168 Cod.
1262 2127 1334 2167 Ms.
1354 2128 1388 2166 ἑν
1407 2127 1573 2171 Ede-toth.
1591 2126 1638 2167 C.
1655 2127 1722 2167 M.

443 2178 490 2225 β’.
505 2180 682 2219 Ἀτθίδος.
700 2180 860 2221 SOLAN.
884 2183 992 2220 Haec
1012 2182 1168 2222 totidem
1187 2182 1318 2222 verbis
1336 2180 1484 2221 exstant
1501 2182 1540 2220 in
1555 2181 1715 2235 Harpo-

444 2244 538 2272 crat.
553 2233 594 2272 δι
615 2233 720 2274 Suid.
733 2249 773 2275 v.
789 2235 999 2283 Κοινηφόροι.
1020 2237 1183 2275 HEMST.

502 2287 591 2340 Pag.
606 2301 672 2340 73.
690 2289 713 2327 l.
732 2303 765 2341 3.
784 2289 862 2327 Ἐπ’
883 2285 1026 2342 αὐτὴν)
1053 2291 1143 2329 Hoc
1161 2303 1183 2328 a
1206 2289 1381 2329 Luciano
1400 2287 1616 2341 profectum
1640 2287 1717 2328 effe

445 2353 527 2382 non
550 2342 682 2380 credo:
705 2355 754 2381 an
769 2341 954 2390 {ommim
976 2353 1018 2382 ut
1037 2343 1159 2396 Long.
1177 2342 1254 2392 Ill,
1272 2356 1308 2394 p.
1327 2342 1393 2388 81,
1410 2342 1598 2395 ‘yvmi‘nm
1619 2341 1725 2393 iera<

446 2397 534 2433 κτον
551 2394 591 2446 ἐξ
608 2395 760 2434 ἄστεος·
773 2396 893 2435 immo
907 2397 1034 2449 potius
1048 2397 1103 2437 ἔτι
1116 2393 1241 2438 αὐτήν.
1257 2397 1421 2436 HEMST.

502 2450 574 2487 ead.
591 2449 614 2488 l.
630 2448 667 2489 8.
691 2448 826 2501 Πόθον)
852 2450 969 2489 Hunc
991 2450 1124 2491 Deum
1147 2451 1248 2491 haud
1267 2461 1410 2490 temere
1432 2448 1520 2489 alibi
1537 2449 1730 2508 reperias-,2⁴

449 2500 622 2544 Consule
639 2503 739 2549 Eust.
753 2503 829 2544 Od.
846 2509 887 2544 A.
907 2503 1064 2546 SOLAN.
