1748 3420
433 255 520 318 382
627 249 1497 298 ANNOTATIONES

427 353 504 393 que
528 338 685 392 navigio
707 351 850 378 nomen
869 338 1028 377 inditum
1047 336 1112 376 est.
1139 336 1202 376 Sic
1229 336 1394 388 Scyllam
1408 368 1421 384 ,
1443 337 1494 377 fic
1508 336 1690 390 Pegasum

428 394 587 432 nomina
603 394 761 432 navium
778 391 887 431 fuiffe
904 403 1012 444 putat
1026 390 1274 443 Palaephatus
1289 392 1370 442 περὶ
1385 392 1583 437 ’Amineam
1609 405 1692 432 non

429 446 619 492 monstra,
640 457 682 485 ut
700 448 839 498 poc-tae
853 444 1011 484 fabulati
1035 443 1133 483 sunt.
1148 444 1349 483 Tritonem
1365 444 1601 497 Lycophron
1623 451 1694 485 Nn-

426 502 514 552 ρέως
524 499 633 551 ’γόνον
647 511 779 546 vocat,
796 499 870 544 alii,
882 497 1102 550 Neptuni&
1113 497 1391 549 Amphitritae;
1408 497 1594 549 superiori
1608 500 1703 552 qui-¹·

429 554 517 593 dem
531 554 706 606 corporis
733 563 837 605 parte
854 552 1035 592 umbilico
1059 563 1169 589 tenus
1189 552 1392 589 humanam
1409 551 1570 603 effigiem
1597 551 1695 592 refe-·

430 619 577 646 rentem
591 636 602 653 ‚
618 606 679 646 sed
694 605 895 658 posteriori
916 604 1035 657 usque
1052 605 1097 644 ad
1108 605 1267 643 caudam
1289 603 1363 644 effe
1379 604 1614 657 delphinem;
1634 618 1696 646 rea

430 674 524 702 vera
538 660 632 699 nihil
648 660 748 698 aliud
760 689 770 706 ,
784 671 900 711 quam
914 659 1230 710 ἰχθυοκέντοιυρον.
1251 657 1523 710 Lycophronis
1541 671 1697 698 enarra·

432 726 497 754 tor
523 715 614 754 citat
633 713 892 752 Acesandrum
918 712 1106 766 quendam
1132 711 1354 757 auftorem‚
1383 711 1630 763 Eurypylum
1653 713 1697 754 δε

431 768 635 808 Tritonem
662 767 832 819 Neptuni
853 765 896 805 δι
913 764 1101 806 Celaenus
1121 763 1262 804 liberos
1284 763 1371 804 effe.
1394 765 1470 803 Alii
1491 765 1696 806 Tritonem

432 821 580 862 Oceani
596 821 636 860 δι
651 821 831 871 Tethyos
844 819 1000 866 faciunt,
1018 818 1132 871 patris
1148 819 1188 857 &
1203 818 1372 870 Neptuni
1391 818 1604 867 tibicinem;
1621 833 1697 872 pro

432 876 526 915 tuba
546 875 691 915 concha
710 875 792 920 uti,
812 886 928 926 quam
944 875 1115 912 buccinam
1131 872 1339 912 vocitatam
1354 870 1506 911 volunt.
1523 871 1697 924 Quidam

432 930 472 969 in
482 930 610 968 literas
625 928 857 973 retulerunt,
869 927 1028 966 Tiberio
1037 924 1187 966 Caesari
1198 926 1388 978 quendam
1401 926 1599 973 nuntiasse,
1613 927 1699 967 Tri·

432 995 565 1023 tonem
589 984 625 1021 in
642 982 753 1035 specu
774 981 943 1033 quodam
959 979 1102 1026 visum,
1120 979 1370 1031 auditumque
1394 979 1542 1019 concha
1560 993 1699 1020 canen·
1745 997 1748 1004 ·

435 1047 524 1076 tem.
553 1036 691 1075 Eadem
706 1033 893 1086 persuasio
916 1033 1062 1086 irrepsit
1084 1034 1129 1072 de
1140 1033 1392 1079 Nereidibus,
1419 1045 1518 1086 quae
1534 1032 1700 1087 squamis

435 1090 475 1129 in
489 1089 634 1141 hispido
649 1101 816 1141 corpore
836 1086 995 1127 vestitae
1009 1087 1214 1125 humanam
1232 1086 1396 1137 effigiem
1416 1087 1590 1126 habeant.
1613 1087 1701 1128 Hu-

437 1143 598 1182 iusmodi
609 1143 793 1182 Tritones
807 1142 923 1194 pisces
936 1139 1192 1180 velociffimos
1210 1152 1282 1192 pro
1295 1140 1379 1179 Diis
1391 1140 1516 1180 cultos
1531 1141 1702 1181 inveniri

437 1197 530 1236 Plin.
554 1196 615 1234 lib.
640 1196 719 1242 IX,
741 1208 774 1234 c.
797 1210 829 1248 5,
844 1194 1068 1248 gravissimis
1089 1193 1309 1233 testimoniis
1331 1194 1489 1246 probat;
1509 1193 1702 1248 hodieque

438 1250 617 1289 visuntur
630 1249 781 1288 Romae
795 1250 977 1302 imagines
990 1248 1204 1302 pleraeque.
1218 1247 1424 1287 Tritonem
1438 1247 1594 1302 eiusque
1607 1248 1702 1289 buc-

437 1305 563 1345 cinam
582 1302 756 1342 describit
767 1302 883 1342 Ovid.
896 1302 914 1341 I
929 1303 1087 1341 Metam.
1103 1303 1144 1341 δι
1160 1300 1208 1340 II.
1228 1300 1374 1340 Com-r.

494 1359 568 1396 ead.
581 1358 604 1396 l.
621 1372 653 1409 5.
668 1353 815 1395 Αὐτίκα
829 1357 975 1406 μέτεισι
993 1356 1057 1394 καὶ
1069 1352 1282 1407 τιμωρήσει)
1301 1354 1370 1393 Ms.
1385 1349 1510 1395 εὐθέως
1524 1356 1703 1405 pas-tensos

440 1426 553 1451 σεται
570 1412 631 1449 καὶ
647 1425 755 1460 τιμω.
771 1411 941 1462 Sequens
951 1409 1054 1448 Dial.
1064 1421 1111 1448 ex
1119 1409 1238 1448 Hom.
1253 1408 1293 1448 ll.
1305 1424 1338 1448 υ.
1350 1407 1518 1448 Philostr.
1527 1409 1704 1451 Bonan.

441 1465 569 1517 Quod
585 1464 700 1517 Angl.
715 1463 813 1504 Cod.
828 1462 1015 1515 praefert,
1037 1463 1216 1515 vulgatae
1238 1461 1408 1502 lectionis
1420 1461 1473 1502 est
1484 1463 1704 1516 interpreta-

441 1529 627 1558 mentum.
646 1519 736 1557 Vid.
757 1517 962 1557 Dukerum
978 1517 1026 1556 ad
1035 1515 1216 1569 Thucyd.
1228 1515 1286 1562 ΙΙ,
1299 1531 1364 1565 44,
1386 1516 1427 1556 o&
1447 1529 1548 1570 quae
1566 1518 1704 1558 monui

447 1573 495 1612 ad
516 1573 647 1612 Somn.
667 1571 683 1621 §
702 1586 740 1620 7.
760 1572 923 1610 Hzmsr.

498 1630 573 1665 ead.
591 1627 614 1665 l.
626 1639 663 1676 7.
689 1621 862 1676 Εὖπρεπῆ
869 1625 886 1678 )
907 1623 1059 1680 scribe,
1074 1634 1117 1663 ut
1131 1622 1224 1663 olim
1239 1622 1408 1670 conieci,
1433 1623 1474 1664 δι
1488 1623 1617 1677 postea
1629 1624 1703 1665 Ms.

442 1679 586 1719 firmari
600 1680 727 1719 didici:
745 1679 879 1718 πάντα
901 1680 992 1718 {ima
1007 1676 1190 1729 εὐτρεπῆ,
1212 1678 1326 1716 omnia
1342 1677 1404 1730 effi
1413 1691 1559 1730 parata.-
1580 1679 1704 1732 vulgo

443 1735 586 1787 legitur
599 1734 738 1773 πάντα
751 1729 843 1772 εἶναι
860 1728 1041 1781 εὐπρεπῆ,
1056 1731 1097 1770 &
1109 1733 1288 1777 vertitur,
1297 1733 1467 1784 praeclare
1478 1733 1631 1785 omniase
1641 1735 1707 1772 ha*

444 1790 534 1827 bere.-
554 1789 692 1840 inepte.
707 1785 878 1827 GRAEv.
900 1782 1090 1837 Εὐπρεπῖῐ)
1110 1786 1253 1825 Verte:
1271 1786 1383 1824 omnia
1394 1815 1408 1833 ‚
1421 1797 1458 1823 ut
1475 1788 1584 1834 decet,
1596 1802 1706 1840 para·

445 1853 483 1880 ta
500 1842 582 1894 effe,
601 1853 704 1886 non,
726 1841 895 1893 praeclare
909 1840 1021 1879 omnia
1031 1839 1070 1891 se
1086 1841 1211 1878 habere.
1232 1838 1358 1879 CLER.
1384 1834 1549 1891 lid-rpem?
1558 1849 1706 1894 praeter

443 1895 517 1935 Ms.
534 1894 603 1935 Gr.
621 1895 733 1933 etiam
754 1894 794 1932 L.
807 1893 847 1933 &
859 1895 911 1932 St.
926 1891 967 1932 δι
981 1893 1052 1931 B2.
1065 1893 1253 1946 Reliquae
1272 1893 1353 1932 edd.
1380 1892 1558 1933 mendose
1573 1889 1708 1947 εὔπρε-

445 1948 511 1990 πιῖ.
534 1948 693 1987 SOLAN.
716 1945 880 1999 Εὖτρεπνῖ
894 1958 1082 2000 reponere
1101 1948 1165 1986 vel
1180 1947 1258 1986 fine
1281 1947 1511 1986 membranis
1525 1960 1604 1988 non
1619 1946 1708 1987 fuis-

444 2002 522 2043 sem
535 2002 698 2048 veritus,
712 2013 800 2041 cum
821 2000 1045 2054 potestatem
1055 2001 1137 2040 eius
1149 2001 1328 2041 vocabuli
1341 2002 1451 2041 locus
1465 2002 1630 2041 omnino
1642 2001 1710 2041 Ηειὸ

446 2057 562 2109 gitet:
590 2054 777 2108 significat
797 2055 899 2094 enim
912 2055 1136 2107 Neptunus,
1154 2055 1327 2108 expedita
1344 2054 1418 2094 effe
1432 2055 1586 2104 omnia,
1606 2068 1710 2109 quae

443 2110 618 2164 Iuppiter
632 2108 717 2149 fieti
734 2107 908 2154 iuffiss'et,
931 2121 975 2148 ac
991 2119 1134 2161 parata.
1154 2109 1332 2161 Xenoph.
1351 2107 1484 2162 Ephes.
1496 2108 1569 2158 IV,
1588 2123 1626 2163 p.
1647 2109 1710 2161 58,

441 2154 510 2204 ⁶’Hv
526 2164 571 2203 δὲ
585 2162 720 2203 πάντα
732 2159 893 2215 εὐτρεπῆ
904 2192 917 2208 ,
937 2160 1100 2212 κάμηλοί
1112 2176 1154 2201 τε
1165 2163 1308 2202 πολλαί
1322 2163 1395 2202 &c.
1413 2163 1712 2215 Euripid.Cyc1‚·

447 2231 488 2257 v.
504 2232 588 2271 593.
605 2239 648 2247 —
661 2213 707 2256 ὦς
720 2216 777 2256 σοὶ
790 2215 1050 2271 To'gyeo‘ts’ic-tiv
1063 2213 1230 2269 εὐτρεπῆ.
1243 2216 1448 2269 Antiphan.
1461 2217 1558 2269 apud
1567 2217 1713 2261 Athen.

445 2271 527 2317 vl,
542 2285 578 2324 p.
595 2270 668 2323 238
683 2271 725 2310 B.
739 2270 803 2309 Ἂν
824 2273 842 2309 ἧ
854 2274 895 2308 τὸ
911 2271 1148 2322 σιτάρχκμα,
1165 2270 1314 2309 sefmov
1339 2266 1527 2322 εὐτρεπές.
1547 2269 1709 2311 Aeschi-

448 2338 518 2364 nes
533 2326 572 2364 in
588 2324 649 2364 illa
665 2324 787 2364 multo
804 2322 1021 2364 facetissima
1035 2324 1103 2377 Ep.
1119 2325 1175 2372 X,
1192 2324 1285 2363 καὶὸ
1302 2326 1422 2377 λόχος
1436 2324 1476 2372 ἐξ
1493 2321 1629 2375 ἡμέρας
1644 2321 1712 2365 ἐπὶ

449 2379 517 2419 τὴν
530 2377 750 2431 Καλλιῤῥόην
762 2375 950 2430 εὐτρεπής.
970 2377 1169 2418 Demosth.
1182 2377 1274 2417 Phil.
1290 2378 1330 2425 Ι,
1348 2392 1383 2431 p.
1397 2391 1448 2430 49
1458 2377 1499 2416 F.
1516 2378 1637 2425 sisae,
1658 2375 1713 2417 εὖ·

451 2431 601 2484 τρεπεῖς
618 2432 729 2472 ’ὄντας
743 2429 849 2481 ὑμᾶς.
864 2431 1004 2471 Noster
1020 2432 1059 2470 in
1079 2433 1206 2484 primo
1223 2431 1391 2485 Cataplo
1402 2462 1415 2481 ‚
1431 2434 1475 2470 ‘rb
1485 2431 1552 2484 μὲν
1566 2430 1712 2479 σκάφος

451 2483 563 2525 τοῦτο
585 2484 668 2536 ἡμῖν
678 2486 806 2524 πάλαι
818 2483 1004 2537 εὐτρεπές.
1021 2485 1127 2525 Idem
1141 2487 1278 2525 vitium
1295 2487 1332 2525 in
1347 2485 1591 2526 Oecumenio
1604 2484 1711 2524 sana·

452 2551 536 2580 tum
549 2539 691 2581 aBillio
705 2539 809 2581 Sacr.
822 2538 916 2580 Obs.
931 2539 961 2590 1,
977 2553 1008 2581 c.
1023 2554 1044 2580 2
1053 2554 1067 2579 1
1081 2555 1093 2590 ;
1109 2553 1131 2579 a
1143 2540 1425 2594 Iungermanno
1438 2538 1585 2580 foedius
1597 2539 1710 2580 etiam

1735 388 1747 416 n

1737 427 1748 470 l

1737 495 1748 525 t

1741 710 1748 736 l

1742 764 1748 790 1
