1748 3420
444 243 543 307 ·548
654 240 1513 292 ANNOTATIONES

451 331 539 364 stum
549 328 593 363 est
604 330 643 362 ab
655 329 765 362 Aiacis
778 328 878 372 impia
900 329 934 361 in
947 328 1039 363 Deos
1058 329 1210 373 superbia
1221 355 1230 371 ‚
1255 330 1351 364 cuius
1370 331 1403 363 in
1419 343 1457 365 ea
1474 333 1584 366 fabula
1623 335 1705 370 aulo

451 384 530 408 ante
543 386 576 405 v.
597 385 608 405 ι
620 385 657 406 12
670 376 856 416 exemplum
871 373 1014 406 ediderat
1037 376 1167 417 roganti
1187 376 1363 408 Minervae
1379 387 1512 419 negans.
1538 378 1590 410 Ob
1608 387 1706 414 ervat

449 416 657 457 Scholiastes,
668 418 751 450 tradi
762 418 807 449 τὸν
823 416 942 450 Αἴαντα
953 417 1050 460 τρίτον
1062 415 1235 456 ἧσεβκκέναι
1250 418 1316 461 περὶ
1332 420 1399 454 τοὺς
1412 420 1508 455 θεούς.
1522 423 1633 464 πρᾶἷτογ
1641 423 1698 461 μὲν

450 459 596 496 ἷκΕαλεῖν
611 462 664 493 τοῦ
683 457 788 503 ‹Sirppw
800 463 850 494 ‘ri‘av
864 461 990 494 Ἀθκνὲἷν
1003 462 1181 503 βευλομένκν
1197 461 1282 503 adr&
1292 461 1482 505 συμμαχεῖν·
1497 458 1626 507 δεύτερον
1638 466 1702 499 οἷπ-

449 506 588 549 αλεῗψειι
600 509 650 538 τὴν
668 505 803 547 γλαῧχαι
814 508 864 538 rin·
878 503 1130 549 ἐγγεγραμμένων
1141 507 1187 548 τῷ
1197 504 1285 547 (ὅπλῳ
1299 506 1395 539 aava&
1410 506 1442 550 ἐξ
1455 507 1534 544 ἔθους
1547 512 1704 552 πατρῴου·

452 551 547 593 τρίτον
559 547 609 582 ’ὅτι
624 550 681 584 οὐκ
692 549 818 584 ἐπείσθη
829 551 873 591 τᾷἕ
882 550 975 592 πατρὶ
989 550 1226 591 συμβουλεύοντι
1238 549 1402 584 πείθεσθαι
1415 551 1481 587 τοῖς
1492 552 1589 588 θεοῖς.
1606 555 1704 598 Egre-

448 596 503 638 gie
517 606 599 628 vero
616 594 781 627 Lucianus
799 595 922 637 ingenii
935 606 1057 628 morem
1070 595 1224 628 denotat:
1239 594 1407 639 postquam
1427 597 1514 628 enim
1535 598 1697 633 dicentem

449 639 596 675 fecisset,
611 638 643 671 οὖ
660 640 750 678 θέμις
768 640 867 679 λέγειν
879 650 910 670 τι
924 638 990 681 περὶ
1005 639 1062 671 τῶν
1077 639 1166 678 θεῖν,
1185 651 1263 672 mox
1283 649 1390 672 tamen
1412 639 1559 683 Ulyssem
1576 641 1610 674 se
1630 654 1698 676 non

447 681 540 728 poffe
553 693 620 715 non
635 682 734 715 odisse
752 681 941 726 profitetur,
955 694 997 715 ne
1013 682 1035 715 si
1050 683 1203 716 Minerva
1215 683 1346 727 quidem
1360 683 1427 727 ipsa
1440 692 1549 717 vetet:
1569 697 1636 729 quo
1649 687 1699 720 di-

448 727 503 759 ἐὶο
518 726 610 759 fimul
623 726 779 767 ostendit,
798 738 894 770 quem
909 738 1072 759 armorum
1088 727 1226 761 Achillis
1243 727 1300 760 fibi
1315 727 1577 761 abiudicatorum
1591 730 1702 764 austo-

444 782 512 804 rem
526 770 655 804 statuat.
667 771 812 803 HEMsT.

492 814 572 859 Pag.
584 825 620 859 23
630 827 656 856 5.
671 817 694 847 l.
707 826 738 847 2.
754 810 836 847 Οὐδ’
846 811 874 846 εἴ
884 814 960 847 αὐτ-ἧ
970 827 1024 855 μοι
1035 814 1150 849 ’Aemi'
1161 815 1253 848 τοῦτο
1268 815 1444 860 ἐπιτάττοι)
1457 816 1517 848 Illa
1529 816 1638 850 minus
1651 829 1701 850 re-

446 858 499 892 &e
517 868 698 892 vertuntur
714 860 753 891 ab
772 859 1028 902 interpretibus:
1042 861 1097 902 etsi
1105 861 1174 903 ipsa
1187 859 1328 892 Minerva
1347 861 1402 892 hoc
1417 863 1508 893 nolit.
1522 862 1574 893 Tu
1587 870 1717 896 vertet.

448 915 511 935 non
538 917 547 934 1
559 903 627 946 ipsa
638 905 707 935 milu'
725 902 867 935 Minerva
879 905 933 935 hoc
952 908 1118 948 imperaret.
1141 903 1193 935 Sic
1214 906 1380 948 eleganter
1397 904 1467 947 post
1485 905 1696 947 negationem

473 949 586 980 onitur
599 942 662 980 οὐδ’
676 945 704 979 εἰ
726 947 860 981 Homer.
884 948 922 981 11.
941 948 986 986 E,
1008 948 1092 988 644:
1114 944 1201 981 Οὖδέ
1221 950 1254 981 τέ
1267 963 1296 980 σε
1310 948 1460 990 Τρώεσσιν
1476 945 1579 988 &bum
1594 947 1695 991 ἄλκαρ

449 994 574 1024 ἔσεσθαι
589 990 726 1025 Ἐλθόντ’
741 989 776 1025 ἐκ
787 990 915 1031 Λυκίης,
926 988 991 1024 οὐδ’
1004 989 1032 1024 εἰ
1042 992 1134 1033 μάλα
1147 1005 1204 1035 >cap
1212 992 1288 1035 πρός
1301 990 1375 1024 ε’σσι.
1392 992 1444 1025 Sic
1458 992 1529 1026 Lat.
1543 993 1640 1035 nonfi
1651 993 1701 1027 se-

446 1037 564 1079 quitur
578 1037 806 1079 negationem3
822 1037 983 1075 Liv.V11,
994 1048 1065 1077 cap.
1080 1047 1119 1070 ιο
1132 1049 1139 1069 t
1153 1036 1265 1080 Iniuffn
1276 1048 1345 1076 tuo,
1360 1036 1536 1080 Imperator,
1548 1047 1632 1069 extra
1645 1051 1698 1070 or-

443 1083 542 1111 dinem
564 1091 714 1123 nunquam
730 1083 944 1123 pugnaverim,
966 1081 1068 1123 nonsi
1081 1091 1189 1113 certam
1210 1082 1358 1113 νὶἔῖονὶαηι
1376 1083 1506 1114 videam.
1529 1081 1616 1114 Idem
1639 1082 1699 1117 lib.

444 1124 619 1158 XXXVIII
634 1149 642 1163 ,
660 1136 687 1156 c.
700 1136 750 1166 57.
761 1124 799 1157 L.
813 1124 885 1156 Bos
899 1125 1002 1156 Anitn.
1018 1138 1044 1157 c.
1057 1124 1145 1162 XII,
1155 1138 1189 1168 p.
1203 1138 1254 1167 57.

490 1170 561 1201 ead.
570 1170 594 1201 l.
609 1169 640 1202 8.
654 1169 829 1211 Σώστραῖος
841 1169 855 1211 )
869 1169 954 1202 Vide
966 1170 999 1201 in
1012 1168 1122 1210 Ἀλεξ.
1143 1181 1172 1203 c.
1187 1175 1228 1210 4‘,
1243 1170 1299 1202 ubi
1313 1169 1433 1202 iterum
1450 1168 1537 1202 inter
1549 1170 1698 1205 latrones

447 1211 592 1246 famosos
611 1213 814 1246 recensetur.
835 1212 970 1246 Sostrati
990 1213 1157 1246 cuiusdam
1174 1214 1306 1246 Boeotii
1324 1214 1426 1246 vitam
1440 1212 1614 1257 scripserat
1628 1215 1697 1247 Lu-

445 1257 583 1296 cianus,
604 1266 642 1291 ut
656 1258 689 1289 in
708 1260 833 1297 Δημων.
849 1256 918 1299 ipse
940 1257 1088 1298 testatur,
1110 1259 1151 1290 ob
1168 1259 1256 1291 vires
1271 1257 1421 1301 corporis
1441 1258 1697 1298 celebratissimi,

447 1309 488 1332 ut
503 1300 536 1332 &
552 1312 671 1334 nomen
692 1302 846 1335 Herculis
864 1301 1064 1334 consecutus
1084 1302 1198 1335 fuerit.
1216 1303 1278 1335 Sed
1295 1301 1458 1335 sostratus
1472 1302 1529 1334 ille
1547 1303 1632 1335 alius
1653 1305 1694 1336 ab

445 1344 512 1377 hoc
525 1345 678 1378 videtur:
694 1346 749 1379 hic
761 1346 847 1378 enim
857 1347 940 1378 latre
959 1345 1177 1389 caedibusque
1191 1346 1340 1379 infamis:
1355 1346 1411 1379 ille
1424 1356 1491 1377 non
1501 1347 1638 1385 robore,
1651 1349 1698 1380 la-

445 1389 595 1427 boribus,
611 1390 772 1433 patientia
784 1398 923 1428 tantum,
938 1402 1022 1433 quae
1037 1391 1147 1422 omnia
1159 1391 1191 1422 in
1204 1391 1366 1423 latronem
1382 1390 1479 1422 etiarn
1493 1390 1607 1424 cadere
1619 1391 1700 1434 pos·

444 1432 542 1472 sunt,
557 1434 682 1473 clarus,
695 1433 750 1467 sed
766 1435 805 1467 ab
827 1434 984 1477 operibus
998 1435 1151 1468 laudatur
1167 1434 1292 1467 nomini
1308 1433 1600 1478 respondentibus,
1615 1447 1633 1467 a
1651 1437 1697 1468 la-

447 1477 602 1510 tronibus
619 1477 758 1511 sublatis
768 1503 776 1517 ,
791 1478 986 1522 viarumque
1000 1478 1032 1510 &
1051 1480 1204 1522 pontium
1215 1477 1372 1511 strue'tura
1385 1477 1586 1511 difficillima.
1601 1479 1647 1512 Ut
1660 1489 1699 1512 ut

445 1520 499 1562 fit,
514 1521 690 1566 utriusque
704 1523 798 1560 fama,
815 1522 850 1554 ni
863 1534 920 1566 per
934 1522 1114 1555 Lucianum
1128 1523 1227 1560 foret,
1242 1522 1377 1565 prorsus
1392 1533 1434 1554 ex
1445 1522 1615 1556 hominum
1630 1535 1698 1557 rne-

445 1567 551 1598 moria
563 1566 794 1600 intercidisset:
811 1577 885 1601 nam
895 1578 978 1609 quae
992 1567 1031 1600 de
1047 1578 1086 1600 eo
1106 1566 1320 1600 Philostratus
1336 1568 1369 1598 in
1383 1566 1525 1599 Herodis
1538 1568 1619 1600 Vita
1635 1569 1696 1601 ha·
1747 1599 1748 1609 2

445 1611 504 1643 bet
514 1622 546 1653 p.
564 1621 622 1650 552
635 1635 642 1649 ‚
660 1611 734 1654 quis
752 1611 873 1654 absque
883 1611 947 1644 hoc
961 1611 1144 1655 intelligat?
1159 1610 1260 1643 Reae
1273 1611 1358 1643 vidit
1374 1611 1415 1642 cl.
1435 1610 1696 1646 Hemsterhufius

442 1655 483 1686 ad
502 1655 668 1688 Pollucem
684 1656 788 1689 Praef.
807 1667 839 1698 p.
855 1666 907 1698 29,
922 1655 1064 1688 Herodis
1078 1656 1253 1688 Herculem
1267 1654 1330 1688 esse
1339 1653 1519 1688 Sostratum
1532 1656 1636 1697 illurn,
1653 1658 1695 1691 de

446 1709 515 1741 quo
530 1699 568 1731 ad
584 1699 717 1734 initium
728 1699 939 1733 Demonaais
955 1698 1057 1732 fufius
1071 1700 1197 1733 dicendi
1211 1702 1306 1733 locus
1323 1699 1466 1732 dabitur.
1480 1699 1692 1745 Negligentia

442 1743 603 1775 maiorum
614 1743 712 1777 etiarn
728 1743 847 1776 fastum
859 1768 866 1782 ,
883 1753 921 1776 ut
938 1752 1003 1776 tam
1017 1743 1096 1776 utili
1108 1745 1179 1776 vita
1191 1755 1369 1776 careamus.
1384 1744 1520 1776 SOLAN.

497 1787 575 1830 Pag.
590 1788 662 1832 236.
675 1790 698 1820 l.
714 1799 762 1821 12.
776 1787 895 1829 Ἐκεὶνῃ
914 1787 1137 1831 ὑπηρετοῦντες)
1154 1787 1269 1831 Synes.
1286 1788 1345 1831 Ep.
1359 1787 1448 1820 LVII
1461 1813 1470 1827 ,
1484 1799 1516 1830 p.
1533 1797 1589 1831 ¹93
1605 1788 1643 1821 A.
1657 1786 1693 1820 ⁷3

443 1834 508 1874 γὰρ
522 1827 759 1874 ἶῦεἶγενέσῧαι
773 1831 953 1874 sampsi-5021
963 1833 1127 1875 τᾷχρεᾶνν,
1142 1831 1197 1865 οὗχ
1207 1832 1332 1867 ἀστείας
1341 1832 1518 1872 ἄπολογιας
1528 1831 1605 1864 ἐστι’.
1617 1833 1695 1865 Fru-

442 1875 505 1908 stra
518 1887 561 1920 qu
611 1876 653 1910 ue
668 1877 707 1908 ad
719 1877 803 1908 hanc
821 1877 968 1909 criminis
986 1876 1139 1909 commiffi
1151 1875 1371 1911 defensionem
1382 1877 1468 1919 apud
1492 1876 1597 1909 filium
1611 1878 1697 1910 Ore-

439 1919 508 1954 sten
521 1888 673 1965 coggugit
682 1920 938 1966 Qlytaemnestra
953 1921 987 1952 in
1000 1920 1157 1964 Aeschyli
1170 1921 1323 1965 Choe‘ph.
1336 1933 1371 1954 v.
1383 1931 1460 1964 910,
1473 1921 1608 1955 dicendo
1623 1933 1630 1954 :
1647 1921 1691 1956 ‘H

439 1964 539 2007 μοῖρα
551 1964 675 2005 τούτων,
690 1966 711 1995 ὦ
728 1965 837 2004 τέκνον,
851 1963 1014 2008 παραιτία.
1031 1965 1177 1998 HEMST.

486 2009 565 2054 Pag.
578 2021 652 2053 237.
672 2012 695 2043 l.
711 2021 742 2050 4.
756 2009 844 2042 ’Emi
860 2005 926 2042 οὐδὲ
942 2008 974 2040 τὸ
997 2007 1085 2051 ξίφος
1105 2008 1204 2052 αὐτὶ)
1218 2009 1339 2053 Lepide
1359 2009 1475 2042 Noster
1491 2009 1624 2042 videtur
1639 2008 1695 2044 his

442 2056 624 2089 σκωπτικῢς
637 2062 772 2097 tangere
784 2055 885 2087 ritum
898 2053 1141 2086 Atheniensium
1157 2054 1189 2085 in
1211 2053 1291 2086 festo
1311 2053 1496 2094 Βουφονὶοις·
1511 2065 1584 2086 cum
1600 2065 1691 2086 nem·

440 2110 484 2142 pe
495 2099 534 2137 is,
547 2099 644 2131 cuius
654 2110 751 2130 manu
763 2110 803 2131 eo
817 2099 850 2130 in
865 2097 946 2130 festo
963 2097 1075 2130 caesus
1088 2098 1167 2131 esset
1179 2100 1250 2137 bos,
1270 2097 1416 2142 fugeret3
1431 2098 1555 2132 securis
1568 2107 1691 2139 autem,

439 2154 507 2185 qua
519 2143 632 2176 caedes
645 2143 728 2174 faeta
740 2142 820 2176 esset
830 2169 838 2183 ,
854 2141 942 2187 quasi
954 2153 1008 2175 rea
1027 2143 1059 2174 in
1076 2142 1233 2177 iudicium
1245 2143 1434 2176 traheretur
1444 2151 1543 2186 atque
1555 2143 1688 2174 damna-

436 2196 541 2220 retur.
554 2188 634 2220 Rem
655 2187 740 2219 hanc
757 2196 940 2220 enarratam
953 2186 1040 2229 apud
1054 2185 1234 2220 Meurfium
1254 2186 1287 2219 &
1309 2186 1526 2221 Casteuanum
1542 2188 1581 2221 de
1601 2186 1691 2221 festIs

440 2231 646 2266 Graecorum
659 2232 773 2266 videre
783 2232 872 2265 licet.
888 2233 984 2264 IENs.

483 2278 587 2309 cad.l.
605 2287 632 2315 5.
645 2274 767 2320 ΞίφοΑς)
784 2277 825 2308 V.
841 2275 924 2309 lens.
943 2274 1075 2307 &Pom
1089 2285 1149 2307 102
1162 2274 1194 2307 &
1210 2274 1435 2309 166.801.AN.

484 2322 552 2353 ead.
561 2322 585 2353 l.
595 2321 627 2353 6.
639 2318 705 2351 Δεῖ
715 2333 726 2350 ο
734 2321 764 2352 bv
772 2319 804 2351 τὶ
812 2321 872 2352 πὲῖν
883 2317 1055 2362 ἀναθεῖναι)
1066 2320 1154 2352 Haec
1163 2321 1264 2352 verba
1275 2320 1308 2351 in
1318 2319 1390 2353 solo
1401 2320 1433 2354 P.
1444 2320 1663 2355 inveniuntur
1672 2332 1685 2359 ς

440 2362 474 2396 8(
489 2375 566 2396 mox
578 2366 625 2404 τᾷῖ
641 2366 747 2405 πρώτῳ
758 2376 818 2407 pro
829 2365 875 2405 τῷ
883 2364 1013 2407 πρώτως,
1027 2364 1121 2407 quod
1134 2363 1242 2396 forsan
1255 2364 1355 2397 etiam
1366 2365 1498 2397 festius.
1509 2365 1645 2397 Soum.

482 2408 555 2440 ibid.
567 2408 752 2451 Τᾷἶπράτως
761 2408 951 2450 παρασχόντι
964 2411 1015 2441 τὴν
1028 2405 1152 2451 αἰτίαν)
1163 2408 1263 2440 Tanti
1274 2420 1343 2441 non
1356 2409 1434 2441 sunt
1445 2409 1531 2452 apud
1542 2420 1592 2441 me
1603 2409 1685 2443 Exc-

440 2450 526 2486 cod.
540 2453 657 2496 Regin.
679 2453 769 2491 Poli,
787 2461 826 2485 ut
844 2464 959 2486 eorum
972 2452 1170 2486 auaoritate
1185 2451 1254 2484 sola
1271 2453 1420 2486 munitus
1437 2464 1556 2496 augere
1569 2453 1689 2488 Lucia·

439 2507 519 2528 num
530 2496 724 2535 sustineam;
740 2497 930 2540 praesertim
942 2496 963 2529 fi
975 2496 1120 2541 suspicio
1136 2508 1201 2528 non
1214 2497 1299 2529 levis
1317 2496 1418 2529 subsit
1430 2499 1511 2530 male
1522 2495 1607 2533 fidae,
1616 2509 1684 2530 ma-

439 2552 504 2574 nus
517 2540 550 2575 &
562 2541 698 2577 nimium
710 2542 749 2576 de
760 2541 819 2580 suo
832 2542 990 2577 liberalis.
1006 2540 1186 2584 Saneistis5
1200 2552 1284 2585 quae
1299 2541 1463 2586 suggerit,
1478 2540 1599 2575 omiffis
1611 2541 1686 2576 sen-
