1748 3420
147 218 228 264 IN
261 214 663 264 DIALocos
699 216 1218 267 MORTUORUM.
1256 232 1352 286 399

84 303 228 343 concio
242 302 465 350 haberetur,
488 304 672 357 καθαίρειν
694 304 897 357 χοιριὲίοις
916 304 1057 358 μικροῖς
1071 307 1134 345 τὴν
1151 307 1352 348 ἐκκλησίαν

88 355 156 396 καὶ
171 359 212 395 τὶ
226 357 391 408 θέατρον.
413 357 675 410 Etymologus
686 359 844 410 quando
860 359 1128 411 interpretatur
1141 360 1350 412 Ὀξυθὺμια

88 410 144 448 τὰ
154 409 382 461 καθάρματα
391 410 461 451 τῶν
474 411 613 463 νεκρῶν,
625 424 738 464 quae,
753 412 871 450 modo
883 413 981 450 vitio
996 424 1165 460 careant,
1182 415 1352 467 intelligo

86 461 327 502 lustrationes
343 464 615 517 placandorum
631 465 800 503 manium
815 463 926 503 causa
939 464 1070 511 factas,
1087 465 1244 515 subiicit,
1259 469 1286 506 ἃ
1299 468 1352 510 δὴ

86 516 157 555 καὶ
168 516 350 556 Ἑκαταῖα
365 520 559 570 λέγονται·
576 531 645 557 nec
661 517 766 557 secus
780 519 882 570 apud
897 519 1088 571 Harpocr.
1103 520 1140 557 in
1154 522 1285 559 eadem
1306 537 1348 562 v.

85 567 307 621 Didymus;
333 572 399 623 qui
423 571 532 611 locus
553 571 727 611 nonnihil
748 572 944 610 intricatus
967 584 1117 611 mutato
1137 574 1352 614 verborum

86 623 220 663 ordine
235 624 359 664 multo
375 624 440 664 fiet
456 625 619 677 planior,
638 627 690 662 τὰ
704 625 738 664 ἐν
750 624 840 664 ταῖς
854 624 1031 676 τριόδοις,
1047 626 1173 675 φησὶν,
1190 627 1281 666 ὅπου
1294 631 1350 667 τα

88 676 277 729 καθάρσια
288 676 454 728 ἔφερον,ἄ
467 677 771 724 τινεςἜκαταῖα,
783 677 962 729 ὂξυθὺμια
976 678 1164 717 καλεῖται·
1176 693 1262 718 nam
1277 683 1355 721 He-

88 729 245 782 sychius
259 732 372 770 etiam
384 761 394 778 ,
407 731 606 780 ‘Ena-mus,
620 734 674 770 τὰ.
687 734 754 783 πρὸ
768 731 840 771 τῶν
854 731 967 783 θυρῶν
979 731 1133 771 Ἑκάτης
1148 733 1353 784 ἀγαλμα-

89 797 157 823 τα·
172 784 265 823 τινὲς
278 784 324 824 θὲ
337 788 389 823 τα
403 785 437 824 ἐν
449 785 613 837 τριόἓοις.
627 784 819 824 Ἑκαταῖον
834 796 963 825 autem
979 798 1059 824 non
1075 785 1196 824 solum
1211 801 1353 839 purga·

83 847 276 886 mentum,
289 837 350 878 sed
362 838 402 878 &
417 838 607 878 Ἑκάταιον
621 839 789 879 Hecates
801 838 952 891 signum
969 850 1035 878 aut
1050 838 1188 885 statua,
1201 840 1352 880 itidem-

89 903 166 944 que
179 891 387 932 Ἑκατήσιον
410 891 451 931 &
469 893 664 938 Ἔκατεῑον,
687 893 733 932 de
754 905 830 946 qua
851 892 994 931 diversa
1015 891 1200 931 scribendi
1225 892 1351 935 forma

89 955 200 984 notat
213 945 343 984 Schol.
357 945 549 999 Aristoph.
570 946 614 985 ad
628 946 746 999 Vesp.
763 961 802 985 v.
820 946 908 986 800.
931 946 1012 985 Iam
1035 959 1154 998 porro
1176 946 1351 995 idemne,

88 1000 196 1051 quod
209 1001 262 1037 τὰ
275 998 473 1047 Ἑκαταῖα,
491 999 606 1039 fuerit
618 998 774 1039 Ἑκάτης
787 1000 952 1046 δεῖπνον,
968 1012 1015 1038 an
1032 1000 1132 1038 aliud
1148 1012 1191 1039 ac
1203 998 1352 1052 separa-

88 1063 193 1100 tum,
213 1053 249 1091 in
264 1053 568 1092 controversiam
589 1054 718 1092 venire
738 1053 874 1106 potest.
897 1053 976 1093 Sub
999 1054 1149 1092 initium
1165 1053 1352 1108 cuiusque

89 1105 227 1146 mensis
239 1107 410 1146 Hecatae
423 1119 585 1146 coenam
600 1120 622 1146 a
636 1107 834 1147 ditioribus
847 1106 1079 1151 instructam,
1094 1107 1353 1160 propositam-

89 1172 167 1212 que
181 1159 290 1199 fuiffe
304 1161 341 1199 in
354 1161 499 1207 triviis,
521 1172 564 1200 ut
576 1162 623 1200 ab
635 1161 788 1200 infimae
804 1160 916 1200 sortis
937 1161 1158 1200 hominibus
1172 1162 1352 1214 diripere-

89 1224 167 1258 tur,
191 1213 356 1253 dilucide
371 1228 450 1253 non
466 1216 584 1267 magis
595 1215 721 1254 Schol.
742 1215 937 1266 Aristoph.
953 1216 998 1254 ad
1012 1215 1064 1254 Pl.
1077 1228 1114 1253 v.
1131 1227 1218 1268 594,
1232 1229 1350 1268 quam

90 1267 106 1306 i
135 1266 170 1306 se
179 1266 365 1307 Comicus
375 1282 424 1308 eo
435 1269 471 1306 in
486 1268 575 1308 loco
587 1268 763 1308 testatur:
785 1269 861 1308 hoc
872 1280 1001 1307 tamen
1015 1281 1093 1308 non
1107 1270 1243 1308 dubito
1253 1271 1350 1322 quin

88 1281 232 1360 fietum
247 1320 365 1361 fuerit
379 1321 532 1361 lustrata
549 1324 691 1370 dom03
715 1336 832 1375 quam
855 1323 1078 1374 religionem
1093 1322 1248 1375 singulis
1269 1322 1352 1364 fere

91 1374 302 1423 mensibus,
324 1377 431 1415 velut
453 1376 656 1416 intervallo
680 1377 863 1428 temporis
886 1376 1056 1428 legitimo
1067 1406 1080 1422 ,
1103 1378 1170 1428 qui
1196 1378 1351 1429 quidem

88 1441 197 1468 erant
205 1429 323 1481 paulo
335 1429 356 1467 s
352 1443 374 1468 u
380 1429 680 1482 perstitiofiores,
689 1430 797 1469 obire
813 1429 1110 1470 consueverant:
1124 1443 1168 1468 ea
1179 1432 1354 1471 reTheo-

90 1482 266 1535 phrastus
275 1496 431 1536 quoque
441 1484 477 1522 in
488 1484 734 1536 descriptione
744 1483 1017 1533 ὃςισιὲαίμονος
1028 1496 1253 1527 annumerat
1261 1489 1353 1537 πρὶς

91 1536 177 1575 τοὺς
187 1536 500 1588 Ὀρφεοτελεστέις
513 1540 618 1576 κατα
626 1537 724 1588 μῆνα
739 1538 976 1589 πορεύεσὲιαι.
989 1537 1184 1577 Praeterea
1198 1541 1352 1590 τριακα-

89 1588 159 1629 ὃες
175 1589 331 1630 fuerunt
346 1592 530 1637 Hecatae,
542 1591 629 1631 Diis
642 1591 770 1630 inferis
782 1592 822 1631 δι
834 1592 1021 1637 manibus,
1034 1593 1101 1643 qui
1121 1603 1201 1630 tum
1220 1594 1352 1645 propi-

90 1643 297 1693 nabantur,
312 1643 460 1684 sacrae:
485 1646 664 1699 Append.
679 1645 794 1684 Prov.
807 1646 936 1684 Vatic.
951 1644 997 1684 C.
1012 1645 1085 1690 IV,
1105 1657 1141 1683 n.
1161 1646 1216 1685 16.
1239 1647 1352 1685 cuius

92 1698 170 1737 loci
190 1699 432 1751 comparatio
447 1700 704 1752 periuadebit‚
728 1700 884 1752 opinor,
906 1698 1062 1738 feliciter
1078 1710 1151 1737 nos
1172 1699 1351 1739 exemiffe

90 1752 239 1791 difficile
261 1753 438 1792 mendum
455 1753 754 1806 Harpocrationi
770 1754 809 1791 in
830 1755 1008 1803 Τριακὲις,
1031 1751 1108 1791 τοῖς
1123 1764 1350 1792 τετελευτη-

91 1806 176 1845 κόσι
198 1804 313 1859 ἤγετο
333 1803 351 1847 ἡ
374 1809 532 1858 τριακὰς
554 1804 685 1859 ἡμέρα,
709 1807 779 1845 ἒιὲι
796 1807 859 1845 τὴν
875 1805 1045 1853 Ἑκάτην,
1066 1819 1138 1859 pro
1161 1819 1225 1854 eo,
1245 1807 1351 1858 quod

91 1859 222 1913 inepte
236 1859 418 1913 vulgatur
432 1860 503 1899 st&
517 1862 694 1899 ἓιανέιτου.
720 1860 946 1900 Athenaeus
958 1871 1085 1899 autem
1103 1858 1234 1899 diserte
1251 1860 1326 1899 VII
1336 1891 1352 1907 ,

92 1927 131 1966 p.
146 1926 218 1967 325
235 1913 286 1952 Α.
301 1914 366 1953 καὶ
378 1914 465 1953 ταῖς
478 1915 655 1966 τριακάσι
669 1910 822 1963 stad-15
839 1913 1013 1967 (Ἑκάτῃ)
1024 1913 1174 1952 δεῖπνον
1187 1914 1350 1965 φέρουσι.

91 1967 283 2006 Videntur
297 1980 391 2020 ergo
403 1981 425 2007 a
434 1966 654 2008 lustratione
667 1968 816 2007 aedium
828 1981 906 2007 non
918 1978 1165 2020 purgamenta
1176 1966 1299 2006 solum
1312 1968 1353 2007 in

91 2021 207 2060 trivia
224 2019 332 2061 fuiffe
350 2022 572 2075 deportata,
587 2021 647 2062 sed
664 2021 850 2061 adieetum
864 2021 1013 2071 insuper
1026 2022 1125 2061 aliud
1140 2021 1281 2073 aliquid
1298 2022 1354 2061 ci-

92 2074 248 2120 borum,
261 2076 369 2128 quod
383 2077 537 2128 inopem
552 2076 702 2115 turbam
719 2077 881 2115 iuvaret.
895 2076 1080 2128 Alioquin
1091 2088 1140 2115 ex
1148 2074 1354 2115 Plutarcho

91 2127 248 2169 Ἑκάτης
261 2129 409 2169 &Tmou
424 2130 470 2169 de
481 2129 763 2169 lustraminibus
778 2128 867 2183 ipsis
885 2128 986 2168 foras
1001 2129 1177 2180 proiectis
1189 2129 1260 2168 dici
1273 2142 1354 2168 ma·

94 2181 268 2222 nifestum
284 2183 339 2222 est
351 2183 401 2223 T.
414 2183 448 2222 II
459 2215 471 2230 ,
485 2198 522 2236 p.
535 2197 610 2237 290
625 2183 677 2223 D.
691 2184 796 2223 canis
809 2183 940 2236 χθονίᾳ.
951 2183 1097 2223 Σεῖπνον
1109 2182 1241 2232 Ἑκάτῃ
1253 2197 1355 2232 vray.-

95 2236 254 2286 πὸμενος
264 2237 316 2276 εἰς
327 2237 494 2289 τριὸἓους
515 2242 779 2289 ἀποτροπαιων
799 2237 864 2276 καὶ
883 2236 1084 2289 καθαρσίων
1105 2236 1246 2288 ἐπέχει
1269 2235 1355 2286 μοῖ-

93 2303 169 2343 ραν·
190 2291 333 2330 idcirco
352 2303 468 2331 canes
481 2291 637 2331 Ἑκάτης
652 2291 889 2344 ἀγάλματα·
908 2293 980 2330 τὰς
994 2292 1118 2336 κύνας,
1136 2291 1258 2341 inquit
1273 2290 1354 2329 He-

93 2343 267 2396 sychius,
284 2340 377 2383 οὕτω
390 2344 490 2393 φασὶ
504 2345 573 2384 διὰ
587 2348 631 2383 τὸ
646 2345 862 2396 ἐκφέρεσθαι
876 2343 1009 2394 Ἑκάτῃ
1028 2343 1152 2383 κύνας·
1165 2343 1353 2396 similique

96 2398 216 2438 modo
229 2399 267 2436 in
276 2395 467 2452 ’Ἅγαλμα
479 2399 646 2438 Ἔκατης.
666 2398 862 2451 Quamvis
876 2398 1093 2437 Eustathius
1110 2398 1155 2436 ad
1167 2396 1241 2436 Od.
1260 2402 1297 2442 Γ,
1316 2410 1354 2448 ρ.

102 2453 216 2502 1467,
227 2450 376 2498 scribat,
388 2451 544 2492 Ἑκάτης
560 2451 809 2503 ἀγάλματα,
822 2451 862 2491 αἱ
876 2452 990 2491 κύνες·
1001 2451 1118 2499 ταύτῃ
1135 2450 1357 2504 γας,φασὶ,

91 2504 248 2548 θύονται
259 2536 272 2556 ,
288 2506 400 2559 idque
414 2519 552 2548 verum
570 2506 632 2556 sit,
657 2508 872 2547 accuratior
894 2517 1022 2545 tamen
1043 2506 1082 2544 in
1098 2504 1297 2556 Hesychio
1315 2504 1356 2543 δι
