1748 3420
152 216 236 261 IN
281 215 721 263 DIALOGOS
775 216 1172 265 MARINOS.
1221 218 1315 281 361·

53 299 214 340 Luciani
230 303 367 342 verba:
393 303 594 343 accedebat
610 303 673 342 vel
691 304 856 343 maxime
868 335 880 350 ,
902 306 1006 357 quod
1023 306 1095 345 hae
1107 319 1225 345 voces
1239 314 1314 346 nec

54 351 162 392 sensu
183 368 252 396 nec
270 355 453 395 struaura
471 356 556 396 satis
570 357 788 396 viderentur
803 359 994 397 constare:
1018 372 1087 398 cur
1111 361 1210 398 enim
1228 358 1314 411 post

55 404 221 459 ἁρμόζειν
234 411 304 448 τὰς
322 410 488 448 κοτύλας
505 412 568 449 καὶ
580 408 792 461 προσφῦντοι
809 410 977 461 {xeo-5:⁴1
991 426 1092 451 onus
1117 413 1208 452 illud
1223 426 1313 452 ora-

55 461 176 500 tionis
194 461 372 514 limpidae
394 462 674 516 supervacuum
698 464 896 503 adderetur
920 468 1025 504 κοιτὲι
1043 468 1116 504 τὰς
1133 467 1314 505 menm-

53 527 142 561 mn
161 527 250 560 aut,
262 514 290 554 fi
304 516 386 555 addi
400 518 563 556 omnino
576 516 753 556 voluisset
765 518 971 563 Lucianus,
992 532 1062 557 cur
1076 532 1154 558 non
1175 520 1310 571 potius

56 565 246 608 stru&ura
262 569 463 621 liquidiore
477 571 564 609 ταῖς
576 571 810 609 ’πλεκτάναις
824 571 1036 612 ex'tuliffet?
1060 572 1200 624 Quare
1215 603 1226 620 ‚
1243 572 1312 612 nist

53 621 140 672 quis
162 622 346 662 eruditior
361 624 574 669 moretur,⁸
593 624 766 676 equidem
791 625 890 663 haud
907 626 1124 670 intercedo,
1145 627 1239 677 quin
1261 639 1314 665 eo

52 674 212 721 abeant,
231 676 332 715 unde
351 676 491 715 malum
516 677 647 728 pedem
674 677 892 717 intulerunt.
919 678 982 718 De
1003 679 1156 729 polypo
1181 691 1311 718 autem

50 728 119 779 qui
133 728 366 780 cognoscere
381 731 485 778 cupit
496 760 505 776 ‚
524 730 572 769 illi
588 731 767 782 legendos
778 730 916 770 suadeo
931 731 1312 777 Gesnerum,Aldro-

50 781 235 828 vandum,
250 783 354 822 Rob.
368 782 664 822 Constantinum
678 785 717 822 in
728 785 856 836 Suppl.
867 786 971 837 Ling.
983 786 1100 823 Latin.
1110 785 1228 824 Leon.
1244 785 1314 824 Al-

49 833 179 874 latium
202 836 248 874 ad
273 835 452 876 Eustathii
466 837 650 877 Hexaem.
668 851 703 888 p.
721 851 813 883 100,
833 850 947 890 atque
965 838 1073 877 alios.
1091 838 1153 876 Ad
1174 838 1314 877 Lucia-

52 900 145 927 num
162 891 337 941 proxime
350 891 536 930 convenit
549 890 713 929 Ovidius
726 891 812 930 Hal.
828 906 864 929 v..
880 905 946 943 30:
965 893 1018 928 Ae
1032 903 1147 930 contra
1155 891 1311 943 scopulis

50 942 171 981 crinali
193 959 326 995 corpore
333 944 447 995 segnis
467 944 626 995 Polypus
645 945 774 990 haeret,
797 945 831 983 ὁ)
851 945 915 983 hac
936 945 1040 983 eludit
1058 945 1140 982 retia
1160 945 1285 996 fraude
1297 976 1313 992 ,

51 997 105 1034 Et
115 995 183 1047 sub
197 997 264 1048 lege
278 998 341 1036 loci
351 997 460 1048 sumit
471 1010 639 1050 mutatque
660 998 819 1043 colorem,
843 1001 977 1049 Semper
996 999 1025 1035 ei
1038 998 1185 1048 fistulis,
1211 1014 1308 1050 quem

49 1050 259 1103 contigit—.
269 1063 312 1090 ut
326 1052 446 1103 magis
459 1052 572 1090 etiam
587 1052 809 1097 conveniat,
821 1051 982 1103 parvula
995 1051 1209 1090 mutatione
1218 1065 1311 1090 con-

49 1101 111 1142 fici
125 1103 263 1156 potest:
293 1104 418 1156 Utsub
427 1105 495 1156 lege
507 1105 715 1156 locisumat,
729 1117 891 1158 materque
910 1106 1068 1145 colorem:
1099 1106 1281 1144 nimirum
1293 1134 1312 1152 ,

48 1157 112 1196 hac
115 1155 240 1208 fraude
251 1187 265 1204 ,
287 1171 326 1197 ut
338 1159 459 1210 sumat
477 1157 551 1198 &c.
580 1159 742 1198 HEMST.

101 1210 193 1262 Pag.
212 1225 295 1250 101.
313 1213 335 1250 l.
355 1226 393 1262 7.
412 1211 521 1260 Ἰδὼν,
547 1207 662 1265 sisar)
686 1212 750 1251 An
771 1211 1009 1252 scribendum
1022 1242 1034 1258 ,
1051 1207 1164 1258 eisaie,
1190 1208 1307 1260 eison

48 1261 216 1304 Gru-Er.
239 1266 394 1309 Intuitus
407 1267 500 1311 vidi,
527 1265 602 1305 hoc
622 1266 700 1311 est,
723 1278 812 1305 cum
833 1266 944 1305 semel
967 1266 1153 1312 vidissem,
1167 1267 1310 1305 iterum

44 1317 134 1357 vidi.
149 1317 328 1369 Suspefta
346 1331 472 1358 tamen
486 1319 578 1358 mihi
591 1318 644 1358 est
664 1319 758 1359 haec
771 1320 884 1360 lefflo
896 1351 906 1368 ‚
929 1320 971 1359 δε
986 1333 1079 1360 vera
1099 1319 1251 1359 fortaffe
1263 1319 1310 1358 fit

45 1367 161 1417 εἶδον,
179 1368 292 1418 εἶδον,
307 1374 401 1421 vidi,
417 1374 498 1412 vidi.
514 1373 636 1413 CLER.
663 1372 841 1425 Agitatus
863 1375 961 1413 inter
975 1387 1065 1420 eos,
1079 1374 1144 1425 qui
1161 1374 1206 1412 de
1220 1373 1308 1412 stilo

43 1424 93 1465 N.
108 1425 150 1464 F.
171 1424 418 1479 scripserunt,
432 1426 503 1466 fuit
519 1427 579 1466 hic
599 1427 721 1466 locus.
745 1427 800 1467 Ut
815 1427 1056 1467 Graecorum
1080 1426 1170 1466 illud
1191 1428 1309 1466 inter-

42 1489 195 1530 pretum
211 1480 332 1520 Exod.
349 1481 426 1527 ΙΙΙ,
438 1495 476 1529 7,
490 1480 577 1520 ἰδὼν
592 1478 690 1520 εἶδον
701 1480 769 1521 τὴν
780 1481 944 1521 κάκωσιν
959 1480 1024 1520 τοῦ
1039 1478 1133 1519 λαοῦ
1145 1495 1233 1530 μου,
1247 1494 1310 1520 re«

41 1533 203 1584 petitum
217 1547 238 1572 a
252 1534 446 1586 Stephano
459 1535 508 1573 A.
525 1535 571 1573 A.
587 1534 663 1574 VII
677 1563 687 1580 ‚
705 1549 753 1587 34
765 1565 776 1580 ‚
796 1548 890 1588 pure
903 1535 1098 1575 Graecum
1127 1535 1308 1586 probaret

41 1584 274 1627 Pfochenius
284 1588 410 1627 Diatr.
425 1588 441 1637 §
457 1602 516 1639 52,
529 1587 659 1627 testem
673 1590 856 1628 excitavit
866 1589 1089 1636 Lucianum‚
1103 1588 1207 1627 illum
1223 1588 1308 1640 qui·

43 1638 129 1678 dem
155 1641 192 1679 in
218 1641 288 1681 hac
309 1641 419 1682 causa
441 1642 599 1681 minime
623 1642 957 1682 contemnendum.
990 1642 1209 1682 Gatakerus
1234 1654 1308 1690 eo,

39 1706 155 1745 quem
176 1694 243 1733 fibi
259 1694 513 1735 adversarium
536 1695 745 1747 delegerat,
758 1697 974 1735 eruditione
992 1696 1126 1741 maior,
1146 1694 1240 1734 Diff.
1261 1695 1309 1734 de

39 1746 89 1786 N.
105 1747 211 1787 Instr.
237 1748 318 1788 Stil.
334 1762 365 1789 c.
381 1748 459 1797 IX,
481 1749 535 1788 ita
556 1749 729 1788 versatur
752 1751 790 1788 in
811 1750 1029 1801 repellendo
1050 1748 1121 1788 isto
1146 1749 1306 1788 Luciani

38 1800 148 1847 loco,
159 1813 202 1841 ut
220 1801 331 1842 facile
343 1816 409 1860 per
424 1803 562 1843 multas
578 1803 753 1854 ambages
765 1803 1038 1843 circumeundo
1050 1802 1228 1847 declaret,
1241 1815 1309 1840 ex..

40 1855 213 1907 peditum
227 1856 294 1895 fibi
315 1870 394 1895 non
414 1855 520 1896 fuiffe
532 1887 544 1902 ,
564 1857 670 1909 quod
688 1859 788 1898 reela
801 1859 868 1896 via
883 1856 1135 1910 responderet.
1151 1856 1306 1907 Quam-

39 1922 158 1960 quam
177 1922 315 1950 eorum
328 1941 339 1958 ‚
357 1911 422 1963 qui
443 1912 658 1950 orationem
671 1911 716 1949 N.
731 1910 773 1949 F.
788 1910 977 1951 Graecam
990 1909 1063 1950 esse
1077 1909 1306 1961 castigatiffi-

40 1975 142 2002 mam
156 1965 415 2010 contendunt,
433 1965 568 2014 opinio
584 1977 768 2016 perquam
787 1965 876 2003 mihi
890 1964 1034 2016 semper
1053 1965 1211 2002 ridicula
1230 1962 1303 2002 fuit

41 2016 119 2055 visa
131 2048 141 2063 ‚
156 2018 249 2058 haec
263 2030 390 2058 tamen
401 2018 583 2070 loquendi
598 2017 765 2056 formula
776 2049 786 2065 ‚
801 2018 869 2057 etsi
882 2018 1061 2058 rariffima
1075 2049 1086 2064 ‚
1101 2018 1193 2069 quin
1209 2030 1305 2068 pau-

39 2070 135 2110 culis
148 2072 369 2123 quibusdam
383 2084 558 2111 veterum
577 2073 781 2122 exemplis,
803 2086 903 2125 quae
919 2086 965 2112 ex
982 2072 1242 2121 Xenophonte
1264 2072 1306 2110 &

40 2123 212 2176 Polybio
227 2125 526 2178 diligentiffimus
553 2125 764 2178 Raphelius
785 2127 1007 2173 annotavit,
1032 2123 1143 2178 poffit
1161 2123 1305 2163 confir-

0 2164 2 2198 *
41 2180 160 2224 mari,
187 2192 432 2232 nequaquam
459 2179 669 2218 infitiamur
685 2194 693 2215 :
721 2192 807 2217 nam
829 2181 936 2232 quod
962 2181 1001 2218 in
1030 2177 1304 2232 accuratiffima

37 2232 276 2283 praefatione
287 2233 516 2285 Sylburgius
531 2246 581 2272 ex
592 2232 775 2272 Pausania
790 2234 952 2285 protulit
967 2232 1051 2272 isam
1063 2233 1169 2276 cisoa,
1189 2231 1242 2270 est
1259 2232 1303 2269 il-

0 2333 1 2345 ἵ
38 2285 104 2325 lud
125 2286 174 2324 ab
194 2287 269 2326 hoc
290 2300 428 2340 genere
447 2286 534 2326 sane
555 2285 759 2326 diversum.
788 2299 961 2326 ceterum
984 2287 1191 2340 prudenter
1209 2284 1302 2324 scri-

84 2377 102 2395 *
123 2375 279 2408 Moratur
293 2402 302 2417 ,
319 2386 419 2421 atque
441 2378 521 2410 adeo
541 2389 592 2411 me
612 2389 715 2419 paene
740 2379 881 2412 retrahit
906 2378 1104 2412 doftiffimus
1126 2377 1297 2412 Gesnerus

0 2431 1 2444 ³
37 2419 86 2450 ita
103 2416 249 2453 scribens
263 2433 269 2453 z
297 2420 394 2454 Verba
412 2423 495 2455 κατὰ
507 2424 564 2457 τὰς
580 2422 755 2457 πλεκτάνας
774 2425 872 2456 decere
887 2427 996 2467 opinor
1006 2426 1124 2466 copiam
1135 2425 1223 2454 illam
1238 2422 1298 2453 Lu-

38 2465 131 2502 ciani,
160 2467 210 2508 qui
229 2467 389 2508 nonsatis
408 2467 513 2498 habuit
535 2467 696 2498 acetabula
717 2471 891 2506 nowjnare‚·
917 2472 1008 2501 etiam
1032 2471 1122 2500 cirros
1146 2479 1293 2499 memor-:w

31 2510 97 2545 vit,
118 2520 238 2552 quorum
253 2512 287 2542 in
305 2512 444 2544 aniculas
454 2513 568 2556 sedent
587 2511 760 2546 acetabula.
