1748 3420
440 217 538 277 a&
637 211 1518 262 ANNoTATIONEs

436 303 712 356 speelantscire?
729 303 831 343 Cum
845 303 982 342 vitium
995 302 1148 342 sentiret
1157 304 1349 349 Kuhnius,
1364 304 1585 346 succurrere
1595 316 1714 347 cona·

443 369 506 397 tus
520 357 572 397 est
590 358 781 396 laboranti
797 357 888 396 loco
912 369 981 408 pro
998 356 1137 396 eise‘vou
1158 358 1383 410 reponendo
1396 357 1530 397 sii'e‘voes
1546 360 1591 397 ad
1610 359 1715 400 Dio-

443 424 529 463 gen.
544 410 701 456 LVIII,
713 413 853 462 30‚fi71e
867 413 976 457 modo,
991 422 1028 448 ut
1043 426 1131 449 recen
1151 425 1222 448 eam
1234 412 1365 463 aliquid
1379 414 1417 450 dc
1427 412 1616 460 Aristotele.
1631 413 1714 452 Sol-

441 466 558 504 letter
568 464 827 516 excogitatum
838 477 848 510 ;
865 476 989 515 neque
1002 475 1128 502 tamen
1137 463 1337 511 eiusmodi,
1348 476 1390 503 ut
1398 459 1570 516 repertae
1578 467 1714 505 verita-

443 519 492 557 tis
507 516 746 570 persuasione
762 527 925 555 mentem
944 516 1071 557 feriat:
1096 517 1197 556 aliud
1217 518 1334 557 latere
1351 518 1525 570 quiddam
1541 519 1712 558 credide-

441 572 534 617 rim,
551 571 656 623 quod
671 570 763 610 olim
777 569 879 609 forte
895 569 1045 609 fidelior
1059 571 1278 610 membrana
1297 571 1456 623 deteget.
1482 572 1626 611 Mirum
1642 585 1713 612 au·

443 636 522 664 tem
538 637 618 663 non
636 623 703 672 est,
713 624 980 663 Alexandrum
1000 624 1062 662 hic
1077 623 1242 676 asperius
1260 625 1390 663 invehi
1400 626 1436 663 in
1451 624 1712 674 Aristotelem,

444 679 557 717 cuius
572 677 736 729 magistri
749 676 803 716 sui
817 677 892 715 iam
903 677 1042 716 dudum
1055 707 1066 723 ‚
1080 690 1283 729 antequam
1300 678 1346 716 ad
1362 679 1489 730 plures
1503 679 1635 726 abiret,
1654 693 1712 719 re.

442 732 701 771 reverentiam
717 743 872 770 omnem
889 729 1136 782 deposuilset:
1159 731 1286 770 literas
1300 732 1345 770 ad
1358 732 1604 783 Antipatrum
1620 745 1713 785 pro-

445 785 519 825 fert
538 784 726 824 Plutarch.
740 798 775 836 p.
788 784 864 835 696
876 782 928 822 D.
946 784 1010 823 ubi
1030 782 1217 836 scripserit
1231 799 1240 825 ι
1263 786 1328 823 τὶν
1342 784 1387 823 ὃὲ
1401 785 1576 831 σοφιστὴν
1592 785 1710 837 (Cal—

444 839 641 878 listhenem
665 839 712 877 ab
731 838 938 877 Aristotele
951 839 1280 878 commendatum:
1307 838 1382 877 vid.
1406 837 1574 890 Diogen.
1597 839 1640 879 L.
1655 841 1712 886 V,

448 892 531 945 10.)
547 893 588 944 ἑ)
601 892 627 930 ὼ
641 890 810 937 κολάσω,
830 891 896 930 καὶ
912 890 1001 930 τοὺς
1015 890 1293 940 ἐκπέμψαντας
1313 887 1423 931 αὐτὸν
1443 891 1520 931 &c.
1541 892 1712 945 ἀντικρὺς

447 945 484 986 ἔν
497 961 547 999 ’γε
559 946 702 984 τούτοις
714 944 1082 996 ἀποκαλυπτόμενος
1094 948 1184 996 πρὸς
1194 945 1457 997 Ἀριστοτέλην.
1468 945 1509 985 δι
1522 959 1558 998 p.
1571 948 1649 996 706
1657 947 1711 986 A.

447 1000 492 1038 ad
507 998 754 1039 Caffandrum
764 1027 774 1045 ‚
790 997 920 1037 ταῦτα
932 997 1076 1044 ἐκεῖνοι,
1097 998 1220 1051 inquit
1235 998 1469 1046 Alexander,
1489 1000 1714 1049 σοφίσματι

447 1051 519 1091 τῶν
541 1052 818 1104 Ἀριστοτέλους
832 1051 883 1090 εἰς
897 1050 1064 1104 ἑκάτερον
1080 1051 1217 1104 λόγων.
1241 1051 1430 1092 Invidiose
1449 1065 1547 1092 vero
1570 1054 1716 1094 Athen.

447 1105 539 1150 XII,
551 1119 587 1158 p.
606 1119 677 1158 537
690 1103 732 1143 F.
747 1117 827 1144 non
841 1104 894 1144 est
904 1135 915 1150 ‚
937 1105 1043 1156 quod
1054 1107 1250 1153 miremur,
1264 1106 1328 1155 ait,
1339 1117 1463 1146 aetate
1476 1105 1603 1145 nostra
1617 1108 1716 1147 Her-

445 1159 570 1198 culem
596 1159 727 1197 haberi
748 1157 909 1198 voluiffe
928 1157 1188 1198 Commodum
1203 1190 1214 1208 ,
1234 1159 1390 1213 eiusque
1405 1159 1483 1200 Dei
1505 1159 1714 1213 infignibus

446 1212 597 1258 ornari,
619 1212 868 1263 Ἀλεξάνὲρου
890 1210 958 1252 τοῦ
968 1210 1259 1264 Ἀριστοτελικοῦ
1282 1215 1471 1253 τοσούτοις
1488 1209 1599 1253 αῧτον
1622 1213 1713 1263 ἁφο·

444 1264 641 1316 μοιοῦντος
651 1267 757 1305 θεοῖς.
776 1267 939 1304 HEMST.
951 1266 988 1305 Si
1003 1267 1113 1305 color
1127 1267 1262 1319 aliquis
1274 1267 1454 1320 vulgatae
1462 1266 1619 1307 leffioni
1631 1268 1714 1320 pos·

446 1318 494 1358 sit
508 1319 658 1365 induci,
672 1319 768 1358 nihil
780 1320 956 1371 equidem
972 1319 1172 1372 speciosius
1185 1321 1364 1366 invenio,
1377 1333 1494 1374 quam
1508 1322 1612 1374 quod
1627 1321 1715 1374 sug-

448 1372 557 1426 geffit
571 1373 627 1412 Io.
644 1372 1001 1413 Matth.Gesnerus:
1022 1375 1106 1412 Non
1118 1387 1203 1427 puto
1215 1403 1226 1420 ‚
1250 1374 1376 1427 inquit
1387 1405 1401 1422 ‚
1424 1377 1512 1414 lianc
1525 1390 1634 1414 vocem
1648 1375 1712 1428 ff

439 1428 578 1479 filentio
600 1427 666 1479 tegi
688 1427 832 1468 volentis
852 1429 990 1466 dedecus
1009 1428 1221 1479 Aristotelis:
1244 1429 1447 1468 contrarium
1460 1429 1544 1468 enim
1560 1442 1715 1481 apparet.

450 1481 521 1520 Sed
532 1482 596 1521 hoc
613 1481 710 1529 vult,
734 1481 812 1521 stne
827 1494 889 1521 me
908 1480 999 1521 scire
1011 1511 1024 1526 ,
1042 1482 1081 1520 id
1092 1484 1156 1535 est,
1179 1485 1337 1530 concede,
1356 1495 1396 1521 ut
1405 1497 1463 1536 ego
1477 1483 1593 1522 melius
1611 1498 1712 1535 quam

448 1534 626 1588 quisquam
638 1534 748 1587 sciam
759 1565 773 1582 ,
791 1536 826 1574 δ’
838 1536 947 1574 dicam
959 1537 1062 1581 adeo,
1085 1536 1161 1588 quis
1169 1534 1278 1586 fiterit
1289 1536 1485 1589 Aristoteles
1495 1551 1512 1583 ,·
1534 1549 1575 1575 ut
1588 1539 1711 1590 nostri,

448 1589 514 1628 das
527 1588 630 1629 muss
643 1589 702 1629 ich
715 1602 776 1629 am
794 1588 921 1628 besten
933 1587 1074 1628 wiffen.
1100 1588 1208 1629 Μόνον
1219 1604 1286 1628 non
1296 1591 1444 1629 excludit
1454 1590 1542 1630 alios
1553 1606 1577 1628 a
1591 1591 1714 1643 cogni-

448 1643 537 1681 tione
541 1642 667 1694 fictura
677 1672 688 1691 ,
702 1659 801 1696 quam
813 1644 967 1682 omnihus
977 1643 1045 1682 iam
1057 1643 1220 1695 impertit,
1227 1643 1295 1696 sed
1301 1659 1324 1682 a
1330 1645 1524 1697 praeterita.
1541 1643 1652 1683 IDEM
1671 1645 1713 1684 in

445 1697 651 1737 Addendis.

502 1753 576 1789 ead.
589 1751 611 1788 l.
628 1764 643 1789 1
656 1764 687 1789 1.
703 1745 806 1802 Ἄρτι
824 1750 891 1801 μὲν
906 1750 943 1791 ἐς
957 1752 1000 1790 τὶ
1018 1750 1157 1790 κάλλος
1170 1750 1460 1804 δίε.),Α<1(1ιικίτ
1470 1751 1613 1792 Thom.
1626 1752 1714 1792 Ma-

451 1803 565 1856 gister
580 1804 617 1842 in
628 1803 751 1854 Ἄρτι,
765 1803 804 1843 &
822 1805 927 1856 quod
942 1803 1060 1844 statim
1075 1803 1259 1858 sequitur,
1277 1802 1326 1845 ὦς
1335 1804 1389 1856 μὴ
1404 1805 1628 1857 αἰσχύνοιτο
1644 1806 1713 1846 καὶ

448 1853 562 1897 αὐτὸς
577 1859 774 1906 λαμβάνων
789 1858 826 1896 in
837 1857 914 1903 Ὡς,
925 1858 1100 1910 perverse
1112 1858 1450 1912 tamen'praemiss'o
1465 1859 1580 1900 titulo
1590 1860 1708 1900 dialo-

449 1910 489 1963 gi
508 1910 697 1964 Diogenis
713 1912 753 1951 δι
765 1911 957 1955 Herculis.
976 1913 1146 1952 HEMST.

504 1965 594 2018 Pag.
611 1978 625 2003 1
634 1964 697 2004 82.
708 1965 730 2004 l.
746 1979 779 2018 3.
794 1960 919 2004 Οἶσθα
929 1965 948 2003 ὃ
957 1964 1132 2019 speum)
1140 1967 1402 2020 Ἀττικώτερον
1410 1965 1464 2006 est
1475 1967 1599 2007 dicere
1612 1962 1711 2007 οἷσθ’

445 2017 466 2056 ὃ
481 2016 628 2071 δρᾶσον,
642 2030 684 2058 ut
697 2018 796 2072 apud
813 2018 1007 2072 Aristoph.
1019 2019 1087 2086 Eq.
1105 2035 1119 2059 1
1130 2032 1172 2071 ις
1185 2034 1218 2073 ς,
1240 2021 1304 2060 ubi
1316 2035 1355 2060 v.
1371 2021 1500 2060 Schol.
1520 2022 1708 2060 KUSTER.

501 2074 574 2111 ead.
587 2073 611 2111 l.
625 2086 661 2125 9.
682 2071 913 2126 Ὁρμῶντας)
935 2073 1000 2113 Ed.
1013 2074 1045 2112 I.
1060 2073 1230 2126 ορῶντοις.
1253 2074 1325 2115 Sed
1344 2073 1505 2128 praestat
1526 2075 1710 2128 vulgata,
1746 2087 1748 2122 ι

446 2139 563 2180 quam
584 2124 710 2166 firmat
725 2127 838 2166 etiam
853 2125 933 2166 Ox.
955 2127 1114 2166 SOLAN.
1747 2128 1748 2174 ζ

502 2182 576 2219 ead.
591 2180 614 2218 l.
631 2194 692 2230 27.
712 2176 791 2219 Οὗιι
807 2179 953 2232 ἔξαρνος
963 2181 1098 2234 γένοιο,
1115 2181 1165 2231 μὴ
1180 2179 1247 2221 οὔκ
1260 2180 1356 2234 διε.)
1377 2182 1467 2221 Hoc
1487 2181 1709 2235 exemplum
1746 2199 1748 2205 ⁴

446 2233 575 2287 posuit
596 2234 717 2273 Henr.
731 2234 908 2286 Stephan.
921 2235 1049 2274 Anim.
1069 2236 1107 2274 in
1121 2235 1221 2274 Libr.
1237 2235 1282 2274 de
1295 2234 1347 2274 D.
1359 2235 1410 2274 A.
1427 2249 1462 2288 p.
1478 2250 1524 2288 32
1535 2266 1548 2284 ,
1569 2247 1614 2274 ut
1625 2249 1711 2276 mo-
1746 2250 1748 2255 ⁴

447 2300 528 2327 rem
539 2287 759 2327 Atticorum
775 2288 956 2339 probaret
974 2289 1020 2327 ad
1033 2290 1278 2341 negationem
1292 2288 1433 2329 fortius
1445 2290 1709 2329 intendendam

446 2342 541 2380 duas
564 2340 690 2381 tresve
714 2342 916 2394 particulas
936 2354 1118 2395 negantes
1141 2342 1419 2382 cumulantium
1434 2358 1442 2381 :
1471 2343 1584 2396 plura
1606 2343 1710 2382 dabit

447 2394 574 2446 Steph.
584 2395 751 2447 Bergler.
764 2396 809 2435 ad
818 2395 989 2448 Alciphr.
1003 2410 1039 2448 p.
1051 2411 1070 2435 2
1080 2411 1093 2435 1
1106 2395 1324 2449 5.Olearius
1331 2397 1383 2436 ob
1395 2398 1613 2449 ignoratum
1625 2396 1712 2436 vul-

447 2446 654 2500 gatiffimae
672 2448 881 2489 strut‘lurae
902 2450 1061 2489 modum
1081 2451 1222 2491 merito
1238 2450 1443 2504 castigatus
1466 2463 1487 2490 a
1503 2451 1548 2492 L.
1568 2451 1649 2491 Bos
1670 2451 1710 2490 in

446 2502 514 2557 Ep.
529 2502 574 2543 ad
584 2503 701 2543 Hebr.
714 2503 788 2543 XII
801 2533 811 2552 ,
831 2517 888 2558 19.
912 2504 1076 2545 lemsT.
