1748 3420
453 250 547 297 420
645 231 1521 283 ANNOTATIONES

451 338 516 365 ros
540 323 788 368 descendunt,
802 322 829 362 s1
851 322 1074 362 scriberetur
1094 321 1350 369 ἑλκέσὲιωσαν,
1364 325 1466 364 haud
1479 324 1653 378 equidem
1674 330 1717 366 aa

450 378 668 431 spernarer:
689 378 735 415 ad
755 389 838 415 eam
864 389 935 415 nos
959 376 1221 416 coniefiiuram
1247 378 1429 416 vocabuli
1451 379 1714 427 violentioris,

452 432 557 484 quod
572 431 776 470 commode
796 431 976 481 iungatur
990 442 1077 469 cum
1099 430 1177 468 ἀπο
1189 430 1312 477 μέσων
1328 430 1397 471 τῶν
1411 431 1592 478 {Avidam
1611 433 1713 471 invi·

452 495 507 523 tat
523 484 597 533 ipse
611 484 723 523 Pluto
736 514 746 531 ,
762 484 828 535 qui
846 481 984 522 scilicet
1000 485 1072 522 iam
1088 494 1177 522 ante
1189 484 1323 533 dixerit
1334 513 1346 529 ‚
1360 483 1612 524 κατάσπασον
1623 485 1713 534 ἐφε-

452 537 520 589 ξῆς
537 536 730 583 ἅπαντας,
743 536 783 575 &
798 549 891 575 mox
905 536 1109 575 κατασπα.
1126 536 1217 575 Non
1237 536 1466 575 videbantur
1484 549 1609 588 aequo
1629 538 1712 576 ani-

453 604 521 630 mo
534 591 574 630 δι
587 590 720 642 sponte
732 588 795 628 sua
814 588 1046 637 descensuri3
1066 602 1165 641 quos
1177 600 1282 627 tanta
1297 589 1504 634 somniatae
1523 589 1711 630 felicitatis

451 644 533 698 spes
554 654 708 696 repente
722 643 957 689 destitueret,
973 641 1033 681 sed
1051 642 1151 681 trahi
1168 655 1236 681 eos
1251 642 1489 695 obtortoque
1504 643 1607 682 collo
1627 645 1710 696 rapi

453 698 675 751 oportebat:
691 697 821 736 debuit
833 695 919 735 sane
932 696 1148 736 Mercurius
1161 696 1365 748 aliquando
1376 709 1443 748 per
1455 696 1533 734 vim
1546 695 1712 749 asperius

451 752 676 805 protrudere
694 751 895 789 renitentes
907 778 918 796 ‚
932 759 975 788 ut
988 762 1172 802 perquam
1193 748 1315 788 facete
1329 748 1482 794 Noster,
1493 762 1574 801 quo
1594 761 1712 789 nemo

452 806 588 845 melius
599 817 657 844 res
670 803 882 843 inferorum
895 802 940 841 ad
951 815 1118 855 unguem
1129 802 1272 849 calluit,
1285 812 1413 841 narrat
1424 802 1526 841 Dial.
1536 802 1689 842 XXVII
1698 818 1714 851 ·,

452 860 493 899 ὅ(
509 864 663 897 Καταπ.
686 870 718 896 c.
736 871 779 909 9,
796 853 925 895 ἕλκετε
944 854 1069 901 αὐτὸν,
1082 856 1122 894 &
1139 869 1171 895 c.
1190 869 1251 902 11,
1271 856 1388 907 cups‘r’
1405 851 1517 894 αὐτον
1539 855 1624 895 εἵσω
1644 854 1712 896 τοῦ

452 912 583 952 ποδός.
603 910 727 963 Quod
744 922 870 949 autern
886 922 979 948 mox
992 911 1055 948 τον
1067 908 1378 961 ὀνειροποληθέντα
1390 906 1564 954 πλοῦτον,
1576 910 1613 948 id
1632 910 1713 962 pla-

452 979 500 1004 ne
516 965 679 1004 similiter
697 965 789 1003 dixit
808 962 967 1016 scriptor
987 962 1125 1015 aliquis
1144 962 1376 1016 (Aelianum
1395 961 1591 1002 auctorem
1609 961 1714 1003 stilus

453 1018 610 1071 indicat)
626 1018 726 1070 apud
746 1017 901 1056 Suidam
916 1017 954 1055 in
973 1015 1170 1068 Κορνοῦτος·
1189 1016 1290 1067 μηδὲ
1309 1015 1382 1066 μὴν
1406 1013 1711 1072 ὀνειροπολοῦντες

452 1073 517 1112 τὴν
541 1073 580 1110 ἐν.
601 1069 725 1123 κλνῖρου
747 1067 954 1122 ὃιαὲοχῖιν.
969 1070 1135 1108 HEMST.

508 1126 598 1175 Pag.
617 1139 702 1172 142.
716 1125 739 1162 l.
756 1138 769 1161 1
779 1123 950 1175 summ)
964 1124 1035 1162 Hic
1046 1123 1189 1163 eumad
1203 1122 1432 1173 decrepitam
1446 1133 1606 1163 aetatem
1649 1128 1713 1163 et·-v

451 1178 609 1218 venisset
621 1207 635 1224 ‚
649 1176 830 1216 Herculis
846 1177 1022 1230 precibus
1044 1177 1236 1216 iuventuti
1256 1176 1449 1215 restitutus
1461 1175 1514 1216 est
1525 1206 1538 1223 ,
1552 1187 1596 1216 ut
1652 1177 1710 1216 vi-

451 1232 534 1270 dius
548 1231 739 1270 fabulatur
753 1230 911 1270 Metam.
925 1229 980 1268 IX
989 1260 1001 1275 ‚
1012 1230 1101 1283 398:
1117 1252 1161 1259 —
1174 1231 1275 1269 dubia
1299 1245 1337 1268 ue
1349 1242 1456 1282 tegens
1465 1231 1623 1282 lanugine
1633 1244 1707 1269 ma-

452 1286 506 1322 las
521 1286 596 1323 Ora
608 1284 807 1336 reformatus
815 1285 941 1337 primos
954 1284 1070 1322 Iolaus
1081 1284 1116 1322 in
1130 1299 1250 1322 annos.
1302 1284 1465 1322 0GN.V.
1477 1283 1595 1323 Ovid.
1612 1284 1709 1324 Met.

449 1338 519 1386 IX,
535 1337 684 1377 Hesiod.
703 1338 801 1377 ὀισπ.
818 1337 938 1385 initio,
954 1337 994 1375 δι
1014 1337 1161 1389 Hygin.
1181 1350 1265 1390 103.
1277 1335 1500 1377 Scholiastes
1512 1337 1572 1377 hic
1587 1338 1714 1391 turpiq

449 1401 508 1432 ter
523 1392 675 1431 erravit.
699 1392 857 1430 Sor-AN.

503 1449 577 1484 ead.
592 1447 615 1483 l.
635 1460 668 1498 3.
690 1445 803 1483 Κακοὶ
818 1442 960 1495 κακῶς)
980 1443 1041 1483 Sic
1055 1443 1152 1483 idem
1167 1442 1319 1497 passim:
1347 1443 1541 1498 Aristoph.
1560 1444 1599 1484 in
1612 1443 1712 1486 Plan

450 1498 637 1538 Aristaen.
651 1498 802 1538 Heliod.
825 1498 999 1537 Bonan.

504 1555 576 1592 ead.
586 1554 609 1593 l.
620 1566 656 1603 7.
668 1551 876 1604 Πρωθίιβης)
888 1552 982 1590 Vox
994 1552 1171 1591 Homero
1178 1549 1387 1600 familiaris,
1401 1563 1518 1604 quam
1531 1550 1590 1592 hic
1602 1559 1709 1591 meni

448 1606 538 1646 dose
558 1607 761 1659 pleraeque
782 1605 963 1645 exhibent
978 1605 1059 1644 edd.
1075 1605 1147 1645 Sed
1165 1604 1265 1645 reete
1280 1606 1410 1645 eadem
1421 1611 1505 1659 Συρ.
1523 1617 1558 1645 c.
1576 1617 1636 1659 35.
1653 1606 1708 1645 V.

448 1660 492 1699 Il.
508 1660 523 1698 l
537 1690 549 1706 ,
568 1675 657 1712 445.
684 1660 842 1698 SOLAN.

503 1714 537 1752 in
557 1715 671 1753 Schol.
683 1714 746 1752 col.
766 1727 793 1751 ι.
809 1713 832 1750 l.
850 1711 1050 1765 ι.”Ιαντος)
1064 1713 1106 1751 L.
1124 1712 1289 1753 Αἰἀντος·
1301 1712 1362 1752 sed
1374 1711 1601 1753 scholiastes
1613 1724 1709 1758 conq

449 1765 569 1806 fundit
582 1769 682 1807 hunc
696 1779 784 1806 cum
803 1766 919 1806 Oileo:
939 1766 979 1805 &
1000 1779 1093 1805 mox
1106 1764 1334 1820 ὑπέργηρως.
1357 1766 1516 1806 SOLAN.

503 1822 591 1873 Pag.
613 1835 698 1873 143.
714 1822 737 1860 l.
757 1834 815 1868 14.
836 1819 1014 1859 Οἰκέταις
1030 1821 1202 1873 τέτρασιν
1217 1820 1489 1874 ἐπικεκυφότα)
1505 1820 1546 1860 In
1560 1832 1705 1874 quatuor

440 1873 593 1926 fhmulos
607 1876 818 1914 incurvatus.
835 1873 938 1912 Idem
955 1874 1128 1925 Nigrino.
1159 1875 1330 1913 BOURD.

499 1928 578 1966 ibid.
609 1927 756 1979 Κορύζης
772 1926 839 1977 μὲν
855 1926 920 1965 τὴν
939 1927 1020 1977 ῥῖνα
1034 1958 1044 1974 ,
1066 1923 1183 1977 λήμης
1195 1927 1240 1966 ἑὲ
1260 1927 1356 1980 &c.)
1378 1928 1462 1967 Hae
1476 1927 1539 1967 vel
1554 1927 1702 1980 praeci-

449 1994 550 2034 puae
564 1980 651 2020 sunt
665 1994 797 2020 earum
812 1992 974 2026 vocum,
990 1993 1150 2033 quarum
1163 1980 1232 2020 usu
1248 1981 1437 2035 frequenti
1448 1991 1525 2020 tam
1542 1981 1704 2034 proprio

445 2047 560 2087 quam
576 2034 741 2087 figurato
755 2033 905 2087 insignis
923 2033 976 2073 est
988 2034 1177 2074 Lucianus
1189 2036 1229 2074 δι
1241 2035 1434 2074 notabilis:
1449 2035 1516 2075 vix
1531 2035 1631 2074 enim
1645 2034 1704 2074 ul-

444 2088 523 2127 lum
544 2088 657 2127 alium
679 2089 843 2141 reperias
858 2086 1106 2140 scriptorem,
1129 2088 1191 2128 ubi
1209 2090 1322 2129 toties
1341 2099 1548 2128 recurrant.
1574 2088 1700 2128 Multa

445 2142 657 2194 Stephanus
669 2142 824 2194 collegit
841 2141 920 2180 Ind.
935 2141 1047 2180 Thes.
1061 2143 1099 2181 in
1114 2142 1262 2193 Κόρυζα·
1277 2142 1346 2181 alia
1356 2142 1572 2183 Gatakerus
1583 2142 1629 2181 ad
1642 2141 1700 2181 Μ.

445 2195 632 2234 Antonin.
644 2195 717 2242 IX,
736 2195 751 2244 §
768 2210 828 2247 29.
845 2195 968 2234 neutri
981 2205 1055 2233 tam
1068 2195 1193 2235 sedula
1208 2195 1277 2235 fuit
1289 2196 1493 2247 diligentia,
1508 2207 1552 2235 ut
1567 2195 1702 2235 Lucia-

444 2250 481 2288 ni
504 2261 643 2300 penum
663 2250 866 2288 exhaurire
885 2249 1067 2301 potuerit.
1091 2248 1277 2290 Dicemus
1298 2249 1578 2304 opportuniore
1597 2250 1700 2290 loco.

445 2303 609 2342 HEMST.

499 2358 569 2394 ead.
582 2356 604 2394 l.
618 2370 632 2393 1
641 2351 879 2408 6.”Εμ·ψιιχόν
890 2370 972 2394 τινα
982 2355 1118 2409 τάφον)
1128 2355 1318 2409 Terpfion
1328 2355 1556 2396 Thucritum
1570 2355 1697 2396 senem

444 2408 676 2460 decrepitum
691 2409 804 2448 vivum
808 2410 1014 2461 sepulcrum,
1024 2408 1104 2449 slve
1116 2413 1258 2449 cadaver
1266 2409 1444 2464 appellat,
1453 2423 1530 2463 qua
1540 2423 1698 2463 prover·

442 2462 529 2501 biali
545 2462 665 2513 figura
680 2463 801 2500 utitur
811 2462 1022 2515 Sophocles
1037 2464 1072 2502 in
1084 2463 1294 2516 Antigone.
1308 2465 1395 2503 Huc
1406 2465 1568 2516 pertinet
1579 2464 1696 2503 etiam

442 2515 536 2555 illud
557 2517 668 2555 Mimi
690 2516 837 2555 Laberii
858 2516 961 2569 apud
981 2516 1149 2557 Gellium
1163 2532 1170 2556 τ
1183 2518 1306 2569 similis
1316 2517 1477 2571 sepulcris
1496 2517 1546 2556 nil
1556 2517 1620 2569 711⁸st
1634 2531 1698 2562 ποι,
