1748 3420
433 219 525 284 378
629 214 1497 265 ANNOTATIONES

432 309 590 346 Metam.
607 307 658 346 111
677 335 686 348 ,
711 320 796 359 3¹3·
820 306 1057 358 Pherecydes
1070 305 1234 357 scripfit,
1257 319 1335 347 non
1346 308 1607 355 Mercurium,
1631 306 1692 347 sed

431 360 639 412 Nymphas
654 359 903 405 Dodonidas,
927 359 1025 412 (non
1042 360 1135 400 aliae
1150 359 1260 406 sunt,
1283 373 1397 412 quam
1419 359 1623 412 Nyseides)
1646 362 1697 399 ad

434 415 567 451 Thebas
587 415 740 452 Liberum
758 414 924 464 perlatum
950 414 1049 452 Inoni
1074 413 1241 465 tradidff
1255 444 1266 461 ,
1295 413 1386 453 teste
1410 415 1559 467 Hygin.
1586 413 1696 454 Poet.

433 465 538 505 Astr.
555 467 606 511 ΙΙ,
626 481 686 505 21.
712 467 809 505 Inoni
829 467 982 518 inquam
996 498 1007 514 ‚
1028 480 1118 506 curn
1139 467 1365 505 membranis
1381 469 1474 506 meis
1488 469 1531 508 δι
1544 468 1602 507 ed.
1619 467 1698 506 Mi·

431 519 546 569 cylli3
573 532 660 558 nam
677 520 949 560 Munckeriana
964 532 1160 573 perperam
1175 520 1306 559 Iunoni.
1326 521 1425 559 Hinc
1436 519 1598 573 Orpheo
1617 532 1698 560 non

432 572 653 612 Leucothea
681 584 831 612 tantum
859 574 1060 624 θρέπτειρα
1087 574 1311 618 ἐυστεφάνου
1344 574 1520 612 Διονύσου
1548 574 1697 625 Hymn.
1744 577 1748 593 ¹

434 626 597 665 LXXHI
613 656 622 669 .,
645 625 706 666 sed
729 625 769 664 δι
793 626 1000 666 Palaemon
1025 626 1221 677 σύντροφος
1244 627 1498 679 Βακχεχὸροιο
1523 626 1699 666 Διονύσου

434 679 488 719 Η.
503 679 682 718 LXXIV.
702 679 790 718 alibi
815 680 904 718 alias
919 680 1014 727 edit,
1029 692 1128 732 quae
1148 692 1303 732 operam
1322 680 1476 719 Baccho
1498 680 1698 719 nutriciam
1746 701 1748 705 ι

434 731 685 785 praestiterint
698 764 709 781 ‚
736 733 781 771 de
800 733 941 786 quibus
956 745 1059 772 nunc
1074 733 1228 785 quidem
1242 745 1437 785 exponere
1451 733 1699 773 commodum
1746 751 1748 754 ·

434 798 517 824 non
539 785 603 824 est.
626 786 776 826 Verum
798 786 980 838 nymphis
997 785 1211 825 Dodonisin
1231 786 1348 838 gratia
1364 787 1516 826 minime
1531 787 1701 839 vulgaris

434 837 506 878 fuit
517 841 658 878 relata:
689 852 774 878 nam
789 853 875 878 cum
898 839 999 878 senio
1014 840 1087 878 iam
1102 852 1223 893 paene
1237 840 1504 888 dilaberentur,
1522 852 1600 886 eaS,
1611 852 1703 880 exo·

434 905 542 932 rante
558 893 713 933 Baccho
723 925 734 938 ,
756 893 891 932 Medea
910 892 1079 932 recoCtas
1095 894 1131 931 in
1145 893 1339 944 pristinum
1354 894 1484 932 aetatis
1496 892 1632 932 florem
1645 906 1704 933 re-

436 947 609 985 vocavit.
632 947 859 986 Tractatum
878 946 950 986 fuit
968 946 1043 986 hoc
1062 947 1290 985 miraculum
1313 947 1362 985 ab
1375 946 1575 998 Aeschylo
1595 947 1633 986 in
1647 945 1703 985 fa-

435 999 524 1039 bula
538 1030 549 1045 ‚
568 999 634 1038 nisi
648 1001 760 1054 plane
778 999 904 1047 fallor,
917 1000 1094 1051 Satyrica
1105 1029 1116 1046 ,
1127 999 1213 1038 ταῖς
1227 1000 1400 1039 Διονύσου
1411 1000 1568 1052 Τροφοῑς,
1579 1011 1623 1040 ut
1635 1000 1706 1039 do·-

435 1065 499 1092 cet
522 1054 648 1092 Schol.
673 1054 710 1092 in
731 1067 877 1107 argum.
903 1054 1088 1106 Euripidis
1111 1053 1292 1099 Medeae,
1325 1066 1425 1106 quae
1445 1055 1605 1093 totidem
1624 1053 1705 1094 fere

436 1107 566 1145 verbis
590 1107 767 1158 leguntur
788 1107 886 1160 apud
901 1107 1030 1147 Schol.
1050 1105 1247 1160 Aristoph.
1261 1106 1306 1146 ad
1323 1107 1418 1159 Equ.
1436 1120 1476 1145 v.
1494 1106 1605 1160 1318.
1621 1107 1707 1147 bre-

438 1161 527 1199 vius
543 1160 747 1212 aliquando
767 1161 888 1212 Τροφοὶ
911 1161 946 1199 in
970 1159 1153 1212 Aeschyli
1168 1161 1380 1200 dramatum
1405 1161 1598 1206 indiculo,
1626 1161 1706 1200 He-

438 1212 596 1264 sychio‚
615 1214 655 1252 δι
672 1214 794 1252 Photii
819 1215 911 1253 Lex.
932 1213 1004 1253 Ms.
1019 1228 1057 1252 v.
1076 1212 1269 1263 ‘essaofioae
1294 1214 1391 1252 male
1417 1214 1444 1253 1.
1463 1213 1651 1254 Meursius
1664 1213 1706 1253 δι

438 1267 614 1306 Stanleus
626 1267 720 1306 duas
736 1268 821 1307 inde
834 1268 1050 1320 tragoedias
1067 1269 1360 1308 concinnarunt.
1385 1268 1548 1307 Hemsr.

496 1321 584 1373 Pag.
605 1334 619 1358 1
633 1334 645 1358 1
657 1335 689 1359 2.
702 1322 726 1359 l.
747 1334 779 1361 1.
793 1323 861 1359 Καὶ
877 1321 1058 1374 Σύναται)
1071 1320 1205 1360 Codex
1220 1322 1383 1360 εἰκότως.
1397 1322 1538 1360 νεανίας
1548 1322 1627 1375 γὰρ
1638 1321 1707 1360 καὶ

440 1373 603 1413 δυνατὸς
617 1373 792 1428 ἀντέχειν
806 1378 894 1427 πρὶς
905 1375 970 1414 τὴν
981 1375 1107 1426 φοράν.
1119 1376 1157 1414 in
1170 1375 1335 1428 vulgatis
1347 1375 1411 1413 καὶ
1425 1373 1599 1414 ἓύναται.
1615 1375 1708 1415 Non

439 1428 556 1480 longe
579 1428 627 1467 ab
649 1428 706 1468 his
729 1441 873 1481 repone
887 1439 936 1468 ex
953 1429 1087 1468 eodem
1107 1429 1256 1468 codice.-
1279 1429 1557 1482 ἐκπλαγεῖσα,
1575 1429 1638 1467 καὶ
1651 1427 1708 1477 τῷ·

443 1482 585 1532 θάμβει
602 1479 688 1533 ἅμα
702 1481 938 1536 συσχεθεῖσα
955 1482 1018 1521 καὶ
1034 1482 1303 1535 ἰλιγγιάσασα
1313 1484 1402 1533 πρὶς
1416 1485 1458 1520 τὶν
1473 1481 1626 1533 σφοδρὸν
1639 1481 1709 1523 τῆς

442 1533 630 1575 πτήσεως
660 1537 836 1588 Ρειτιιζβι,
850 1537 886 1574 6*
901 1551 1026 1589 pavore
1034 1537 1140 1588 fimul
1159 1548 1308 1585 correpta
1328 1536 1363 1574 6·
1380 1536 1538 1590 vertigine
1550 1537 1599 1574 ad
1609 1536 1711 1576 vola-

442 1603 512 1628 tum
535 1590 755 1629 celerrimum.-
786 1602 864 1629 non
885 1591 984 1629 enim
1015 1601 1193 1631 natarunt
1212 1589 1392 1641 Phryxus
1425 1590 1464 1628 δι
1489 1589 1622 1637 Helle,
1649 1589 1710 1628 sed

441 1655 509 1695 per
522 1646 648 1683 aerem
670 1643 755 1682 sunt
782 1644 857 1683 lati.
876 1644 964 1682 Vid.
987 1643 1168 1696 Apollod.
1192 1643 1418 1683 Bibliothec.
1441 1643 1506 1682 lib.
1524 1657 1558 1683 1.
1575 1643 1619 1682 In
1638 1642 1712 1683 Ms.

444 1706 574 1735 tamen
588 1710 660 1750 pro
676 1696 816 1746 δαμβει
829 1727 840 1745 ,
855 1696 1027 1737 scribitur
1040 1697 1152 1737 etiam
1172 1697 1319 1736 δαλπει
1331 1728 1344 1744 ,
1358 1697 1462 1750 quod
1476 1710 1556 1736 non
1572 1696 1713 1749 probo,

444 1751 626 1802 quamvis
649 1750 839 1804 possemus
861 1752 1077 1804 explicare:
1100 1750 1159 1790 sed
1175 1751 1433 1803 συσχεθεῖσα,
1457 1763 1528 1803 pro
1550 1750 1722 1804 vulgatov

445 1803 644 1856 σχεθεῑσα,
654 1806 810 1850 cunctis,
824 1803 877 1843 sat
886 1804 977 1851 scio,
987 1805 1094 1844 bellis
1107 1805 1324 1844 hominibus
1335 1805 1523 1844 arridebit.
1536 1805 1714 1846 (ἔμεν.

445 1860 613 1897 Δυνατὶς
625 1858 674 1898 G.
687 1857 726 1897 P.
742 1858 781 1897 δε
797 1859 837 1898 L.
852 1859 995 1911 Tangit
1009 1859 1168 1898 eandem
1189 1858 1353 1898 fabulam
1373 1859 1527 1912 dialogo
1542 1857 1715 1912 superio-

444 1911 487 1950 ri.
513 1911 669 1950 SOLAN.
700 1912 869 1951 Δὺναται
897 1923 1046 1959 teneas,
1069 1925 1116 1951 an
1142 1912 1325 1959 δυνατὸς,
1350 1913 1550 1952 minimum
1572 1911 1711 1953 refert:

445 1975 582 2004 contra
595 1963 736 2006 ἧἝλλη
748 1966 800 2017 μὴ
814 1965 1000 2016 θυναμένη
1016 1967 1199 2019 ἀντέχειν
1211 1966 1426 2006 κατέπεσεν
1441 1966 1493 2005 εἰς
1507 1969 1552 2004 τὶ
1566 1962 1716 2007 ὑποκεί-

441 2032 548 2069 μενον
568 2021 755 2072 πέλαγος.
779 2018 903 2059 Schol.
923 2020 1082 2059 Homer.
1097 2021 1141 2059 ad
1155 2020 1196 2058 Il.
1217 2025 1269 2066 H,
1293 2019 1355 2060 86.
1382 2021 1545 2059 Htmsr.

501 2075 574 2112 ead.
589 2074 613 2112 l.
630 2088 663 2112 2.
697 2070 925 2124 Ὀχῆματσς
952 2073 1193 2127 παραέόξιυ)
1220 2075 1310 2113 Erat
1329 2074 1431 2113 enim
1454 2088 1553 2126 caper
1564 2075 1686 2113 volans
1697 2088 1716 2121 ,·

445 2125 534 2165 vide
549 2128 659 2179 ἀστρ.
677 2139 708 2166 c.
728 2140 773 2175 14
786 2157 797 2175 ‚
811 2128 852 2167 &
868 2127 1053 2179 Apollod.
1071 2127 1109 2173 I,
1125 2142 1159 2180 p.
1178 2129 1225 2168 16
1240 2128 1284 2167 Β.
1314 2126 1471 2167 SOLAN.

501 2183 574 2219 ead.
591 2180 614 2219 I.
632 2196 668 2228 4.
687 2179 743 2227 Τῷ
755 2180 894 2230 &lapidei
915 2179 1002 2230 ἀμα
1018 2181 1224 2234 σχεθεΐσα)
1249 2181 1338 2221 Scio
1353 2181 1454 2221 recle
1476 2181 1551 2221 dici
1573 2178 1716 2231 θάμβει

449 2233 513 2272 vel
526 2231 705 2285 ἐκπλήξει
718 2233 904 2286 ἔχεσῧαι,
919 2245 961 2274 ut
973 2236 1128 2284 μανίαις
1143 2234 1309 2288 ἔχεσθαι
1321 2235 1420 2287 apud
1431 2234 1577 2275 Platon.
1587 2249 1623 2287 p.
1635 2246 1715 2287 940

448 2286 501 2326 D.
520 2287 686 2339 ἔχεσθαι
701 2289 960 2341 χαλεπωτέρῳ
974 2287 1125 2339 ἓαίμονι
1137 2290 1286 2328 Anton.
1303 2288 1427 2328 Liber.
1443 2301 1478 2328 c.
1493 2289 1607 2329 XXX
1618 2318 1631 2335 ,
1649 2287 1715 2327 vel

450 2341 701 2393 συνέχεσῦαι,
712 2342 1035 2394 quemadmodum
1059 2342 1287 2391 ἐπιθυμίαις,
1304 2341 1394 2395 ὀργῇ
1411 2342 1648 2394 συνέχεσθαι
1659 2340 1717 2381 A·

447 2394 612 2434 damant.
629 2395 665 2433 in
680 2394 887 2448 Phyfiogn.
897 2395 986 2434 illud
999 2395 1236 2443 etiam,re&e
1249 2397 1354 2448 iungi
1364 2396 1512 2446 θάμβος
1526 2397 1565 2435 δι
1577 2394 1719 2435 ’ἐκπλη-

450 2447 521 2498 ξιν,
542 2449 580 2487 &
607 2447 901 2502 frequentissime
920 2449 1071 2501 quidem
1093 2462 1115 2488 a
1138 2449 1438 2489 recentioribus:
1467 2450 1614 2502 Eunap.
1632 2444 1715 2499 περὶ

452 2503 590 2555 {ipso-[3.
608 2502 788 2557 ἐκπλήξει
804 2504 867 2544 καὶ
884 2504 1022 2557 θάμβει
1037 2502 1279 2545 συνθεθέντες.
1299 2502 1474 2545 Damasc.
1491 2503 1594 2558 apud
1606 2501 1716 2543 Phot-
