1748 3420
450 217 542 264 450
650 195 1516 244 ANNOTATIONES

446 285 557 323 Phot.
574 296 610 335 p.
626 281 724 332 870:
751 282 956 334 Βρενθύετοιι
980 282 1024 322 δὲ
1039 285 1083 322 τ“ο
1098 283 1376 335 ἀλαζονεὺετοιι·
1401 287 1545 338 γέγονε
1560 283 1605 324 ἑὲ
1623 285 1704 326 dor&

447 336 516 375 τοῦ
529 335 715 388 βρένθιον,ὅ
729 336 809 376 ἐστι
822 335 981 388 μύρον.οἱ
994 339 1072 389 γὰρ
1086 335 1384 387 ἀλαζονευόμενοι
1394 340 1456 378 καὶ
1466 338 1701 390 βρενθυόμενοι

445 390 546 441 μύρῳ
559 388 727 442 mnia-5021
741 389 936 428 εἰώθεισαν·
958 402 1034 442 qua
1045 390 1198 442 quidem
1214 391 1318 429 inani
1337 392 1611 444 probabilitatis
1622 392 1708 445 spe·
1746 400 1748 407 ’

448 445 506 482 cie
519 444 618 482 haud
631 442 723 487 scio,
736 455 783 481 an
797 441 996 495 quisquam
1010 444 1202 495 originum
1213 443 1385 483 Graecae
1395 445 1547 498 linguae
1561 448 1707 499 peritus
1744 448 1748 456 “

447 497 535 549 capi
552 495 675 549 poffit.
696 497 844 535 Verum
860 495 1020 535 Helladii
1035 497 1152 535 verba
1167 497 1313 548 plenius
1327 497 1517 551 exscripsit
1533 499 1706 550 Etymol.

448 564 484 603 p.
505 563 595 595 212,
608 550 647 587 in
667 549 883 601 Βρενθύετοιι·
899 561 978 588 non
990 549 1085 588 alius
1097 551 1198 588 enim
1215 550 1268 588 est
1289 553 1535 597 Βησαντινόος,
1561 552 1636 605 (ita
1652 552 1707 591 le·

446 603 627 654 gendum,
641 616 718 641 non
729 600 949 642 Βισαντῖνος·
962 602 1047 641 alibi
1063 603 1178 655 paulo
1192 602 1330 643 rectius
1343 604 1574 658 Βησοιντῖνος)
1587 618 1702 657 quam

448 657 514 695 hic
537 656 612 709 ipse
638 656 831 695 Helladius
857 656 1042 694 oriundus
1064 656 1157 695 urbe
1178 656 1357 696 Antinoo
1381 658 1442 696 vel
1462 658 1709 700 Besantinoo.

449 709 546 749 Mihi
557 710 707 748 videtur
720 710 756 747 in
767 708 901 760 βρένθος
914 709 1091 761 primaria
1105 708 1210 748 fuiffe
1221 711 1342 748 virtus
1350 713 1512 750 tumoris
1523 711 1707 764 δι’όγκου,

447 776 550 815 quae
564 761 667 815 quasi
684 763 858 802 materies
877 761 1042 801 subiecta
1057 760 1094 801 se
1112 764 1275 815 porrigit
1288 765 1333 802 ad
1354 763 1550 811 diversos,
1570 766 1709 818 quibus

448 816 686 862 diffunditur,
697 815 927 867 'significandi
940 815 1091 855 duetus:
1110 827 1299 868 poteram,
1311 817 1377 855 nist
1391 818 1564 870 longum,
1573 819 1710 858 multa-

449 883 525 923 que
540 869 649 909 simul
670 870 742 909 alia
764 869 968 908 dilucidare
983 868 1126 908 necesse
1146 868 1268 915 foret,
1291 869 1443 910 firmare
1461 884 1539 910 non
1561 871 1711 912 levibus

449 924 698 975 argumentis:
715 935 815 962 nunc
830 933 979 961 tantum
993 921 1139 962 facilem
1152 924 1199 961 ab
1213 924 1283 961 hac
1293 924 1415 963 radice
1428 925 1630 964 translatae
1642 938 1712 979 po-
1746 945 1748 969 ι

450 977 591 1016 testatis
614 977 933 1029 propagationem
953 975 1181 1015 considerari
1205 977 1334 1015 velim.
1368 978 1476 1017 Haec
1499 989 1626 1018 tamen
1655 978 1709 1018 est
1746 1005 1748 1017 .

450 1031 570 1077 ratio,
591 1031 710 1069 curin
726 1025 927 1079 Hesychio
939 1028 1091 1078 τύμβον,
1111 1043 1209 1081 quae
1231 1043 1311 1069 vox
1328 1031 1373 1069 ad
1388 1031 1487 1069 illam
1508 1032 1713 1084 explanan—
1746 1051 1748 1055 ⁴

452 1085 536 1122 dam
549 1085 605 1122 bis
619 1083 829 1128 adhibetur,
840 1095 964 1134 neque
977 1095 1066 1122 cum
1084 1083 1133 1121 H.
1147 1083 1341 1136 Stephano
1351 1086 1390 1123 in
1401 1084 1523 1133 τύφον,
1536 1097 1606 1125 nec
1616 1096 1712 1125 cum

450 1136 618 1187 Guyeto
643 1137 680 1174 in
701 1139 817 1186 θυμὸν
841 1136 977 1174 mutari
997 1137 1133 1188 patiar.
1159 1137 1290 1189 Βρένθος
1312 1148 1414 1177 certe
1440 1139 1539 1192 apud
1564 1138 1710 1180 Athen.

451 1190 567 1237 XIII,
581 1204 614 1242 p.
631 1190 676 1228 61
689 1203 703 1227 1
720 1189 761 1228 E.
775 1202 846 1242 pro
852 1188 949 1241 faftu
963 1190 1090 1228 tumido
1106 1190 1145 1228 ὅτ
1160 1192 1355 1243 arrogantia
1367 1192 1581 1231 contemtoria
1596 1193 1709 1245 poni·

450 1255 532 1283 tur:
556 1243 712 1288 recitabo,
724 1243 859 1296 inquit,
870 1258 912 1281 ex
925 1244 1074 1282 oratione
1091 1243 1216 1294 Lysiae
1229 1246 1265 1281 in
1280 1245 1479 1296 Aeschinem
1487 1247 1711 1295 Socraticum,

451 1299 510 1349 etfi
516 1297 666 1349 longiora
679 1295 746 1335 st&
758 1300 819 1335 τον
830 1296 962 1348 βρένθον
975 1293 1074 1346 ὑμῶν
1085 1299 1147 1335 τὸν
1158 1297 1286 1345 πολὺν,
1300 1292 1326 1337 ‹T›
1339 1298 1546 1347 φιλόσοφοι·
1559 1299 1634 1339 hoc
1649 1300 1712 1340 ille

451 1350 627 1391 subactus
639 1381 650 1395 ,
664 1349 692 1388 si
705 1349 928 1403 quisquam,
944 1350 982 1388 in
994 1350 1096 1388 libris
1109 1361 1283 1389 veterum
1296 1351 1540 1398 evolvendis,
1557 1352 1598 1392 δι
1616 1354 1713 1393 idem

452 1405 610 1457 diligens
622 1402 865 1455 singularium
875 1415 1020 1442 vocum
1036 1415 1213 1456 captator
1224 1418 1273 1444 ex
1283 1405 1443 1445 latibulo
1451 1407 1633 1458 quopiam
1647 1419 1715 1446 an-

452 1459 550 1511 tiqui
563 1457 758 1509 seriptoris
772 1456 990 1510 depromsit.
1005 1456 1188 1496 Eustathii
1203 1471 1364 1512 quoque
1377 1459 1489 1499 locus
1501 1460 1546 1498 ad
1556 1459 1601 1499 ΙΙ.
1614 1466 1663 1507 Θ,
1675 1473 1712 1513 p.

451 1513 504 1564 69
512 1525 525 1550 t
535 1541 547 1557 ‚
556 1511 695 1564 procul
706 1511 825 1550 dubio
832 1510 895 1550 vel
904 1510 1019 1550 Aelio
1026 1510 1239 1563 Dionysio,
1251 1514 1313 1552 vel
1324 1511 1526 1553 Pausaniae
1537 1513 1714 1554 debetur:

452 1565 498 1604 τὸ
510 1564 643 1616 βρένθος
659 1564 720 1604 ἐπὶ
734 1562 980 1615 ὑπερηφανίας
996 1567 1107 1617 παρὰ
1120 1563 1175 1613 τῷ
1183 1565 1346 1616 Κωμικῷ·
1372 1566 1413 1618 ἐξ
1425 1561 1470 1605 os?
1477 1571 1520 1605 'rb
1532 1568 1716 1619 βρένθειον,

451 1617 560 1671 μῦρόν
571 1633 611 1657 τι
627 1617 735 1657 ἐκεῖνο
749 1617 933 1670 (retinuit,
948 1618 1080 1662 credo,
1096 1631 1146 1658 ex
1158 1619 1298 1659 vitiato
1312 1620 1538 1673 exemplari:
1580 1620 1716 1661 raesta·

453 1684 512 1712 ret
521 1671 648 1711 Λυὲὧν
657 1670 719 1710 vel
732 1670 882 1723 mistav)
892 1671 1170 1723 περιᾳδόμενον·
1181 1672 1222 1724 ἐξ
1237 1669 1281 1712 ὧν
1291 1672 1393 1726 ῥνῖμοι
1404 1679 1447 1713 τὸ
1463 1675 1539 1726 βρεν
1559 1673 1713 1724 deo-bu,

453 1724 567 1779 ἰὶγουν
581 1722 825 1778 κατατρυφᾷν
841 1723 1080 1776 ἀλαζονικῶς.
1106 1726 1204 1765 Satis
1224 1727 1347 1779 placet
1363 1727 1453 1767 illud
1469 1727 1511 1780 ἐξ
1525 1723 1571 1767 ὃν
1592 1739 1716 1782 aeque

452 1780 646 1832 pertinens
657 1779 701 1817 ad
722 1781 764 1816 τὸ
786 1779 935 1830 βρένθος,
949 1792 1066 1831 quam
1079 1782 1121 1818 τὸ
1134 1780 1312 1830 βρένθειον·
1327 1792 1365 1820 at
1377 1782 1533 1834 quando
1549 1781 1717 1822 auetori-

452 1843 569 1872 tatem
592 1832 745 1872 Comici
760 1831 1032 1884 protert‚·clate
1047 1832 1220 1879 ostendit,
1238 1834 1398 1875 alienam
1419 1834 1456 1874 se
1470 1833 1715 1876 observatio—

454 1899 541 1925 nem
553 1884 793 1938 excerpsiffe3
816 1885 943 1926 saltem
958 1886 998 1925 in
1009 1886 1298 1940 Aristophanis,
1316 1900 1431 1941 quem
1445 1901 1494 1928 eo
1508 1889 1621 1929 titulo
1634 1889 1716 1943 ple-

453 1952 618 1992 rumque
638 1937 731 1978 solet
748 1940 933 1987 indicare,
951 1953 1052 1992 quae
1070 1939 1293 1993 supersunt,
1311 1941 1412 1994 quas
1434 1954 1481 1982 ue
1506 1941 1605 1983 solas
1625 1943 1715 1996 legit

454 1992 690 2039 Eustathius‚
705 1992 841 2032 fabulis
857 1991 1042 2046 nusquam
1059 1996 1225 2034 occurrit
1239 1995 1380 2047 βρένθος.
1402 1955 1532 2036 guerit
1543 1998 1655 2036 etiam
1665 1997 1717 2036 le·

454 2046 559 2086 &um
571 2046 710 2085 alicubi
727 2043 744 2086 ἧ
759 2046 910 2098 βρενθὺς,
932 2046 1002 2086 nist
1022 2060 1084 2087 me
1107 2046 1199 2087 fallit
1220 2049 1259 2087 in
1275 2048 1470 2100 Hesychio
1486 2051 1714 2103 corrigendo

455 2099 693 2145 conicetura,
715 2099 868 2151 Βρενθὺς,
886 2099 1044 2150 πυθμὴν,
1062 2101 1214 2150 τύμβος,
1230 2103 1293 2141 καὶ
1311 2105 1436 2155 ὅρνεον,
1454 2102 1474 2142 ⁴3
1487 2101 1551 2142 κα]
1565 2104 1715 2156 βρένθος·

455 2166 518 2193 me
531 2153 649 2193 iudice
664 2154 827 2193 deterius
839 2153 892 2194 est
904 2184 916 2202 ‚
936 2154 1041 2206 quod
1055 2154 1178 2194 editur
1192 2156 1319 2208 Βρενός.
1344 2155 1447 2197 Hinc
1459 2167 1587 2210 prono
1601 2157 1728 2198 alveo.

454 2207 627 2247 defluunt
638 2205 871 2258 βρενθύεσθαι
884 2207 924 2247 &
937 2207 1206 2260 βρενθύνεσὲοιι,
1216 2222 1332 2261 quam
1346 2204 1509 2250 formam
1522 2211 1554 2250 is
1563 2240 1576 2258 ‚
1595 2223 1714 2265 quem

456 2261 679 2306 nominavi,
703 2260 1016 2314 Lexicographus
1035 2261 1160 2301 itidem
1181 2262 1315 2312 habe13
1338 2276 1418 2303 non
1440 2263 1548 2304 secus
1566 2275 1680 2318 atque
1693 2279 1718 2305 a

458 2311 604 2353 ’πληθὺς
628 2313 792 2354 existunt
821 2315 994 2355 πληθύειν
1017 2314 1057 2354 &
1082 2314 1285 2356 πληθύνειν.
1320 2316 1398 2356 lam
1425 2327 1469 2358 ut
1495 2317 1718 2372 perspicias,

457 2379 575 2419 quam
588 2368 693 2406 varie
703 2367 954 2409 Grammatici
968 2369 1131 2409 verbum
1150 2369 1227 2409 hoc
1241 2382 1438 2424 exponant
1448 2402 1459 2420 ,
1474 2384 1616 2425 operae
1631 2384 1716 2425 pre-

457 2422 552 2460 tium
565 2419 618 2460 est
639 2434 773 2461 eorum
796 2422 1126 2475 interpretationes
1142 2424 1180 2462 in
1201 2436 1321 2464 unum
1344 2436 1566 2478 congerere:
1587 2440 1718 2479 μεγαι-

458 2473 649 2527 λοφρονεῒν,
663 2474 1017 2527 ὑπερηφανεύεσῧαι,
1033 2476 1268 2528 {reipsa-Qu,
1291 2477 1550 2530 σεμνύνεσθαι,
1578 2477 1717 2530 avianc-
