1748 3420
453 217 547 277 468
647 211 1528 260 ANNOTATIONES

450 302 598 342 dicendi
619 301 728 341 initio
743 299 876 340 falsum
896 299 1085 339 orationis
1105 299 1277 340 colorem
1300 299 1525 339 attribuerit.
1550 299 1719 341 Hmsr,

451 356 578 396 Italo.
591 356 729 395 Matth.
741 354 937 395 Gesnerus
953 354 998 392 ad
1013 365 1094 392 me:
1119 355 1204 392 Non
1227 352 1470 406 dffcilefiterit
1480 355 1601 393 crimen
1612 355 1723 407 depel-

451 412 515 449 lere
532 426 554 448 α
565 410 734 455 Luciam,
747 410 844 461 quast
855 407 1042 458 nesciverit,
1055 407 1286 446 Hannibalem
1303 408 1431 446 Graece
1435 407 1581 459 potuff
1589 423 1605 455 ‚·
1621 410 1721 447 modo

450 465 518 503 levi
537 463 790 515 transpofitione
797 464 851 513 fic
871 462 1041 512 legamus:
1059 460 1118 498 “Er
1132 460 1200 509 μὲν
1220 457 1330 498 τοῦτο
1343 490 1354 509 ,
1379 454 1406 499 ἶ)
1422 461 1551 507 Μίνως,
1572 459 1722 511 ὠνάμην

450 514 687 560 ἐνταῦθα,ὅτι
698 517 761 554 καὶ
776 513 1006 554 τίινἛλλαδΣ
1018 513 1111 553 Hoc
1121 513 1211 552 mihi
1223 526 1343 552 unum
1357 512 1419 554 hic
1434 513 1717 567 prodest,quod

451 571 568 611 etiam
584 569 733 610 Graece
748 568 856 608 didici
871 591 882 616 ⁵
902 583 976 606 cum
991 581 1104 619 nempe
1115 569 1210 620 apud
1209 567 1352 617 superos
1364 568 1470 618 effiem.
1484 568 1568 620 Ego
1580 568 1720 608 Lucia-

448 625 490 665 ni
509 624 760 677 patrocinium
777 621 929 674 suscipi,
942 619 1163 672 aequiffime
1175 619 1270 659 fero.
1293 620 1409 659 IDEM
1429 621 1464 659 in
1474 622 1666 660 Addendis.

506 681 580 717 ead.
595 679 616 715 l.
637 691 696 725 13.
721 675 778 723 Τῷ
796 673 976 726 ἀδελφῷ)
999 673 1153 713 Sororis
1172 673 1258 712 suae
1271 674 1359 712 viro
1372 705 1384 722 ‚
1405 675 1473 726 qui
1496 673 1719 715 succefferat

448 731 584 772 socero
593 730 822 771 Hamilcari:
840 729 875 768 ei
889 727 1117 767 Hasdrubali
1133 740 1277 767 nomen
1293 727 1376 766 fuit.
1397 728 1487 767 Vid.
1500 727 1638 780 Polyb.
1651 729 1719 768 ini-

449 787 508 825 tio
521 786 586 824 lib.
599 785 644 824 ll.
670 783 796 824 erm.
821 782 914 822 Non
923 781 1055 833 fratri,
1078 781 1139 820 sed
1146 781 1278 833 sororis
1293 782 1378 820 viro.
1394 781 1497 822 Vide
1509 782 1595 823 Liv.
1609 782 1717 823 XXI.

446 839 607 880 SOLAN.
1701 863 1706 867 -

503 896 577 933 ead.
592 894 615 930 l.
639 890 698 930 16.
714 892 770 929 Τὰ
791 888 956 943 μεγάλα
974 888 1035 940 'o'pn
1054 887 1148 941 &c.)
1165 886 1382 941 Deceperat
1405 889 1630 942 interpretes
1652 889 1719 929 vi-

450 947 545 986 tiosa
561 944 770 988 distinelio,
792 944 836 983 &
852 955 928 982 una
943 943 1052 981 litera
1076 943 1310 982 redundans:
1337 943 1527 982 neminem
1547 942 1633 983 fore
1652 955 1718 982 ar-

447 1001 594 1047 bitror,
620 999 686 1051 qui
713 997 915 1037 lectionem
935 996 1007 1034 iam
1034 996 1131 1035 olim
1152 1008 1174 1034 a
1195 1009 1256 1035 me
1277 995 1483 1050 repositam
1509 996 1717 1049 improbet.

449 1054 641 1094 Ufitatum
659 1051 712 1091 est
726 1050 985 1102 κατατρέχειν
999 1047 1175 1095 ἅπαντα,
1189 1050 1321 1100 χώραν
1332 1050 1499 1096 πολλὴν,
1512 1050 1578 1090 τὴν
1588 1050 1717 1091 Ἀσίαν

446 1106 630 1147 ἃπασαν·
645 1116 780 1146 contra
794 1104 841 1143 ab
853 1103 980 1143 indole
994 1103 1143 1156 linguae
1153 1102 1327 1143 Graecae
1341 1104 1522 1143 abhorret
1533 1105 1717 1157 κατατρέ·

447 1174 539 1214 χειν
555 1160 640 1199 τοὺς
657 1159 723 1198 τὴν
736 1159 866 1210 χώραν
881 1156 1089 1197 οἰκοῦντας·
1115 1156 1230 1209 longe
1249 1157 1349 1196 aliud
1369 1157 1422 1196 est
1444 1158 1716 1210 κατατρέχειν,

446 1213 693 1266 καταέρομὶίν
704 1211 895 1252 ποιεῒσὲπαι
908 1225 1016 1250 τινος.
1029 1211 1093 1250 Ad
1102 1211 1310 1251 Lucianum
1324 1212 1525 1264 quadrant,
1533 1224 1636 1264 quae
1646 1225 1715 1252 co-

445 1282 528 1309 ram
550 1268 730 1320 Scipione
744 1266 790 1305 de
810 1264 847 1304 se
867 1265 1053 1317 gloriatur
1067 1265 1258 1304 Hannibal
1272 1265 1375 1318 apud
1387 1265 1555 1318 Appian.
1572 1265 1660 1316 Syr.
1676 1279 1714 1319 p.

446 1337 492 1375 91
507 1321 560 1362 D.
571 1324 644 1361 νέος
655 1323 735 1375 *γὰρ
745 1319 790 1360 ὢν
801 1318 858 1358 ἔτι
873 1319 1026 1371 Ἰβηρίας
1039 1333 1081 1357 τε
1095 1318 1300 1370 ἐκράτησα,
1314 1319 1377 1357 καὶ
1393 1318 1544 1371 στρατῷ
1558 1318 1715 1359 τᾶ,”Αλ-

446 1391 542 1416 πεια
564 1377 622 1427 ’όρη
640 1374 720 1425 μεθ’
741 1372 926 1426 Ἡρακλέα
940 1372 1087 1425 πρῶτος
1102 1367 1314 1424 ὑπερῆλθον,
1334 1371 1371 1412 ἔς
1387 1387 1433 1411 τε
1444 1373 1511 1412 τὴν
1532 1373 1714 1420 Ἰταλίαν,

444 1427 546 1480 ὑμῶν
565 1427 710 1469 οὖὸενὸς
730 1444 791 1467 στω
811 1424 1045 1479 θαρροῦντος,
1069 1427 1240 1475 ἐμβαλὼν
1265 1426 1493 1477 τετρακόσια
1514 1426 1712 1468 ἀνέστησα

444 1485 547 1523 ἄστη
564 1484 638 1523 ἃς.
665 1482 701 1522 Si
718 1495 790 1535 pro
812 1481 1008 1520 τοσαύτας
1030 1481 1068 1520 in
1092 1481 1264 1521 Luciano
1286 1493 1470 1520 numerus
1490 1479 1712 1520 eversarum

443 1538 614 1584 urbium,
629 1537 729 1576 haud
752 1535 1013 1589 poenitendus
1027 1535 1176 1587 utique,
1200 1536 1391 1587 legeretur
1410 1535 1631 1587 τριακοσίας
1646 1535 1713 1575 vel

442 1591 704 1643 τετρακοσίας,
719 1590 941 1642 neutiquam
951 1587 1190 1641 aspernarer:
1213 1589 1474 1628 πεντακοσίας
1494 1587 1715 1627 πόλειςῬω-

439 1647 561 1696 μαίων
570 1642 748 1697 πορθῆσαι
756 1642 1028 1691 Hannibalem,
1041 1642 1201 1682 affirmat
1214 1642 1322 1682 Dion
1330 1641 1473 1695 Chrys.
1485 1641 1557 1682 Or.
1564 1642 1712 1691 LXIV,

440 1713 476 1753 p.
496 1713 582 1752 599.
604 1700 768 1738 HEMST.
1482 1702 1485 1705 '

495 1754 576 1793 ibid.
594 1748 796 1805 Ἃπαντα)
818 1749 970 1791 Omnes
989 1750 1073 1790 libri
1087 1749 1252 1796 habent,
1273 1760 1436 1803 excepto
1449 1749 1713 1790 Wecheliano

440 1806 480 1846 δι
498 1806 712 1847 Hemsterh.
727 1804 920 1846 ἅπαντας·
934 1805 1075 1844 horum
1090 1815 1253 1858 uterque
1267 1801 1429 1844 ἅπαντα
1443 1803 1615 1857 reposuit
1625 1834 1638 1850 ,
1653 1805 1712 1844 uti

441 1861 485 1901 ἃ
501 1875 575 1912 ego
593 1862 830 1900 conieceram
846 1871 855 1898 :
872 1872 988 1912 quam
1005 1859 1312 1898 emendationem
1328 1859 1442 1898 etiam
1457 1857 1621 1898 Vorstio
1636 1859 1712 1911 pla-

439 1915 556 1955 cuiffe
567 1915 697 1955 video.
717 1913 844 1954 Potest
858 1923 985 1953 tamen
999 1913 1130 1966 aliquo
1150 1913 1268 1952 modo
1281 1911 1376 1951 stare
1390 1911 1564 1964 vulgata,
1580 1911 1608 1951 sl
1626 1925 1711 1952 uno

439 1968 560 2009 halitu
572 1970 688 2020 legas,
703 1970 756 2008 τὰ
768 1968 935 2020 μεγαλα
946 1967 1005 2019 ’όρη
1019 1963 1183 2018 ὑπερβὰς
1195 1969 1249 2007 τα
1259 1965 1341 2019 περὶ
1352 1968 1414 2007 τὶν
1426 1965 1622 2018 Ἠριδανόν.
1635 1965 1709 2006 Sed

439 2023 594 2076 indigna
610 2024 701 2062 haec
717 2022 802 2062 sunt
816 2021 998 2062 Luciano.
1024 2019 1183 2060 Some.

494 2078 586 2129 Pag.
601 2092 687 2127 172.
698 2078 721 2116 l.
735 2092 772 2125 4.
793 2076 1028 2116 Δακτυλίους
1043 2071 1166 2114 αὐτῶν
1178 2073 1391 2128 μεδίμνοις)
1410 2073 1557 2113 Variae
1573 2073 1619 2114 de
1634 2073 1709 2115 ho-

438 2145 526 2171 rum
541 2131 775 2171 annulorum
797 2128 972 2170 mensura
985 2128 1201 2169 sententiae.
1221 2127 1484 2180 Quorundam
1504 2127 1708 2168 sententias

437 2185 586 2238 profert
602 2186 684 2225 Liv.
700 2185 763 2224 lib.
779 2198 844 2238 23,
863 2183 1004 2237 expleffi
1019 2196 1083 2222 tres
1095 2185 1222 2222 modios
1231 2183 1340 2234 super
1350 2183 1534 2221 dimidium.
1557 2182 1628 2221 Sed
1648 2181 1707 2222 fa·

437 2253 540 2279 mam
561 2240 752 2279 veriorem
771 2250 894 2292 putat,
909 2240 1010 2291 'quae
1022 2237 1133 2276 tradit
1147 2250 1228 2276 non
1243 2235 1352 2276 fuiffe
1363 2235 1448 2289 plus
1459 2236 1604 2275 modio.
1623 2236 1708 2275 Ali.

437 2303 496 2333 ter
507 2294 611 2333 Flor.
626 2294 735 2333 aliter
748 2292 841 2332 Plin.
856 2305 928 2345 pro
943 2305 1026 2345 quo
1041 2290 1137 2330 stant
1151 2291 1283 2330 Valet.
1297 2290 1458 2342 Eutrop.
1472 2288 1586 2329 Oros.
1597 2290 1706 2329 Mul-

434 2348 479 2395 ti,
495 2361 543 2387 ne
555 2347 659 2387 litem
679 2348 777 2387 hanc
789 2346 893 2387 suam
916 2345 1098 2393 facerent,
1124 2346 1282 2385 modum
1306 2343 1544 2384 indefinitum
1565 2342 1705 2396 posue·

433 2413 524 2441 runt
537 2417 545 2441 :
558 2413 601 2441 ut
615 2400 699 2441 Dio
713 2400 815 2441 Prus.
830 2401 992 2440 Tertull.
1006 2399 1125 2453 Apol.
1138 2399 1179 2438 &
1197 2400 1256 2438 hic
1265 2399 1424 2438 Lucian.
1440 2397 1630 2437 Omnium
1644 2409 1706 2437 ra..

432 2456 491 2495 tio
506 2455 606 2495 Livii
620 2456 777 2508 optima,
789 2456 854 2508 qui
868 2454 1039 2494 modium
1053 2465 1174 2506 putat.
1190 2453 1317 2492 Ferrei
1330 2451 1386 2491 isti
1399 2450 1529 2497 fuere,
1541 2463 1620 2490 non
1633 2463 1702 2491 au-

430 2509 502 2560 rei,
514 2519 558 2551 ut
572 2509 703 2551 voluit
718 2509 849 2551 Valer.
864 2510 1009 2563 quique
1023 2521 1114 2549 eum
1128 2506 1259 2548 secuti.
1275 2507 1450 2548 BOURD.
1462 2506 1704 2548 Accommoe
