1748 3420
163 237 247 284 IN
293 237 742 285 DIALOGOS
789 238 1172 288 MARINos.
1209 241 1302 306 387

34 322 132 368 bum
146 325 184 365 in
195 326 266 366 hac
278 324 407 366 fabula
419 327 544 367 Schol.
559 327 709 366 Pindari
730 326 929 379 usurpavit
949 329 994 368 ad
1008 333 1054 368 Π.
1075 330 1116 378 Ι,
1135 344 1204 378 72:
1230 343 1302 372 λα.-

40 380 173 433 &paim
183 380 269 417 τότε
280 379 437 431 {vespiae
446 378 561 419 αὐτὴν
573 381 624 419 εἰς
634 380 698 420 τὴν
711 381 865 425 κιβωτὶν
873 385 977 431 μετὰ
988 382 1055 422 τοῦ
1065 385 1208 424 wass&
1219 386 1302 426 καθ-

40 431 121 474 ῆκεν
142 433 194 472 εἰς
214 436 257 471 τὸ
272 434 460 485 πέλαγος.
481 433 605 473 Schol.
626 434 671 472 C.
687 433 868 473 German.
890 437 981 474 inem
999 451 1111 476 arcam
1127 440 1303 478 includens

35 487 274 540 praecipitavit
285 488 321 525 in
335 502 435 525 mare.
450 487 547 526 Rem
562 486 796 539 persequitur
811 488 897 540 ipsis
913 491 1191 542 propemodum
1208 491 1303 533 Phe·

40 540 191 590 recydis
203 540 331 579 verbis
346 540 470 579 Schol.
481 541 665 593 Apollon.
680 541 755 578 Rli.
768 541 813 578 ad
829 541 900 587 lV,
919 556 1030 594 1091,
1045 544 1129 591 ubi,
1147 545 1199 584 εἰς
1213 547 1302 598 λάμ-

41 605 143 633 νακοι
158 590 274 632 adrian
285 594 479 643 ἐμβιβάζει
491 596 596 643 μετὰ
606 591 672 631 τοῦ
687 592 846 639 στιιιεΐὸς,
858 595 919 631 καὶ
936 608 1088 636 metam
1104 613 1302 638 κειται-νον·

41 645 114 686 eof.
141 646 232 685 Vid.
255 647 402 699 Hygin.
425 646 465 684 F.
487 647 632 691 LXIII,
651 646 691 684 &
705 647 778 686 Th.
799 647 1000 687 Muncker.
1019 649 1158 689 Graeci
1173 665 1300 692 arcam

41 711 162 738 matre
175 699 332 751 filioque
346 698 487 738 foetam
503 701 547 737 ad
563 700 762 752 Seriphum
783 701 1013 753 appulerunt
1028 715 1181 744 omnes:
1202 705 1300 744 Lati-

41 753 121 800 nis,
136 766 185 792 ne
200 754 346 805 generis
366 752 593 791 illustrissimi
609 754 706 806 apud
722 753 754 792 se
765 754 866 793 nulla
880 754 1006 794 forent
1015 756 1168 808 vestigia
1179 787 1188 803 ‚
1210 771 1301 797 ean·

39 806 126 846 dem
144 807 183 845 in
203 806 351 845 Italiam
367 807 550 845 deducere
564 806 684 845 visum
705 806 775 845 fuit
787 836 796 854 ,
819 807 1063 861 Danaenque
1079 811 1157 862 regi
1170 811 1298 851 nescio

42 860 107 899 cui
117 860 152 898 in
169 861 450 898 matrimonium
463 861 551 899 dare
563 874 574 907 3
595 861 662 912 qui
673 862 857 913 coniuges
870 862 1035 900 Ardeam
1048 864 1296 904 condiderint.

39 914 178 966 Virgil.
193 912 392 959 Aen.VIl,
409 927 494 965 372,
508 916 544 952 &
561 913 738 962 Servius;
751 928 984 966 quamquam
998 916 1043 953 de
1055 917 1204 956 Ardeae
1219 919 1297 970 pri-

41 967 112 1006 mis
125 968 240 1005 initiis
256 967 371 1018 longe
391 966 537 1006 diversa
559 967 681 1006 tradat
691 967 858 1018 Dionys.
873 968 992 1007 Halic.
1008 968 1054 1006 A.
1068 969 1114 1007 R.
1129 969 1165 1015 Ι,
1183 984 1218 1021 p.
1236 984 1297 1023 57.

41 1019 211 1060 Similem
230 1020 341 1073 plane
360 1019 527 1058 fabulam
547 1020 593 1058 de
605 1021 746 1060 Rhoeo
760 1021 933 1072 Staphyli
950 1022 990 1061 &
1005 1022 1299 1073 Chrysothemi-

41 1075 99 1113 ‹lis
117 1073 213 1121 filia,
235 1074 298 1113 cui
313 1074 451 1113 vitium
471 1074 614 1126 Apollo
637 1074 796 1123 fecerat,
819 1086 969 1127 praeter
987 1075 1082 1115 alios
1095 1075 1299 1117 Diodorus

40 1129 236 1168 enarravit
247 1129 301 1176 V,
317 1141 352 1179 p.
370 1141 444 1178 229
455 1127 501 1166 C.
528 1128 688 1167 HEMST.

96 1185 170 1220 ead.
184 1182 208 1222 l.
229 1194 287 1230 14·
309 1180 495 1234 ’Epettsia)
516 1181 616 1220 Idem
631 1182 753 1221 codex
764 1180 887 1220 scribit
899 1179 1108 1231 ὑπεμειέία
1123 1186 1212 1236 πρὶς
1230 1185 1298 1224 τὴν

41 1233 272 1281 θάλασσαν,
291 1235 487 1285 subridebat
512 1235 678 1287 conspet‘lo
706 1236 813 1281 mari,
840 1235 905 1274 seu
933 1237 1105 1275 alludebat
1125 1240 1173 1276 ad
1193 1254 1294 1278 mare.

43 1287 219 1328 GRAEV.
231 1287 463 1338 ’Υπεμειὸίοι
476 1287 526 1328 G.
540 1290 579 1328 δι
592 1288 629 1327 Ρ.
641 1289 684 1327 In
696 1289 737 1328 L.
751 1301 848 1328 vero
861 1289 1074 1339 ἐπεμειῶίιι.
1086 1290 1127 1329 In
1142 1292 1192 1330 im
1196 1289 1299 1344 pres-

44 1341 94 1381 fis
108 1341 272 1393 ἑμειέίοι.
299 1342 457 1381 SOLAN.

97 1397 186 1448 Pag.
205 1410 220 1434 1
232 1409 290 1447 19.
312 1397 335 1434 l.
350 1398 385 1434 6.
407 1396 655 1447 Πρσαρπάσοιι
668 1398 730 1434 τὸν
747 1395 882 1449 ἔρωτα)
900 1394 959 1435 Sic
973 1397 1044 1450 leg.
1064 1410 1153 1436 cum
1169 1398 1300 1439 editio·

45 1462 112 1489 nes
122 1449 332 1496 ostentent,
356 1449 425 1487 sa&
441 1447 551 1488 τοῦτο
570 1450 680 1501 ἐχρῆν
696 1465 740 1489 σε
761 1451 1047 1501 πρεσαρπέισκι.
1075 1454 1169 1503 Quid
1181 1454 1265 1491 enim
1277 1455 1298 1491 ?

46 1515 126 1542 num
139 1515 169 1542 te
183 1515 357 1556 propterea
372 1503 555 1555 praeripere
567 1518 673 1542 meum
686 1519 826 1543 amorem
837 1534 850 1550 ‚
876 1503 954 1543 five
971 1505 1134 1551 puellam
1146 1537 1156 1554 ,
1179 1519 1298 1558 quam

44 1558 232 1606 amabam,
244 1559 403 1596 decebat?
419 1556 588 1596 GRAEv.
611 1556 745 1596 Sensus
759 1557 892 1607 sponte
909 1554 1065 1597 deduxit
1078 1560 1302 1612 interpretes

47 1611 94 1650 ad
105 1611 370 1664 προαρπάσαι,
384 1611 488 1662 quod
502 1609 570 1650 suo
581 1611 618 1649 in
629 1612 760 1650 codice
771 1610 961 1651 Graevius
975 1613 1173 1665 repererit,
1183 1626 1230 1651 an
1243 1614 1303 1652 in-

47 1665 160 1717 genio
175 1663 288 1704 fuerit
301 1665 503 1712 affecutus,
529 1677 607 1704 non
622 1664 705 1704 satis
719 1666 862 1717 liquido
879 1665 1061 1704 declarat:
1087 1679 1161 1717 ego
1180 1668 1303 1705 mani-

46 1717 138 1758 festa
150 1719 298 1758 ratione
312 1719 443 1757 nixum
457 1731 642 1771 reponere
658 1732 735 1758 non
752 1719 936 1757 dubitavi.
959 1719 1057 1758 Vide
1077 1719 1105 1758 1.
1121 1719 1305 1760 Gronov.

48 1772 95 1812 ad
114 1778 158 1811 Θ.
176 1778 219 1811 Δ.
241 1771 316 1811 VII
328 1801 340 1818 ,
364 1786 398 1825 3.
419 1771 601 1812 Ceterum
617 1772 705 1820 ista,
719 1774 793 1824 five
813 1773 982 1825 puell-zm,
1002 1787 1101 1825 quam
1123 1775 1303 1820 amabam,

47 1826 198 1866 mallem
219 1825 395 1866 omififfet
413 1825 742 1878 praestantissimus
762 1825 971 1873 Graevius3
998 1825 1086 1864 nihil
1107 1828 1206 1865 enim
1230 1828 1305 1867 huc

49 1879 268 1920 conferunt.
282 1879 399 1932 Apud
413 1880 625 1919 Homerum
641 1881 756 1932 Tyro
775 1879 849 1918 od..
867 1886 909 1926 A,
927 1894 971 1932 23
983 1880 1091 1925 5‚ubi
1105 1880 1231 1931 Ulyxi
1242 1894 1307 1920 ca-

50 1934 113 1974 sus
131 1933 220 1974 suos
238 1933 396 1987 exponit
408 1964 419 1981 ‚
439 1934 538 1973 haud
557 1933 642 1972 sane
662 1934 826 1972 multum
842 1934 1094 1985 conqueritur
1108 1934 1153 1973 de
1171 1934 1306 1974 iniuria

50 1987 120 2027 fibi
133 2000 156 2027 a
171 1989 356 2041 Neptuno
370 1986 488 2033 faeta,
503 1988 731 2040 videturque
750 1987 966 2039 pudibunda
979 1989 1090 2039 virgo
1103 2000 1182 2026 non
1196 1989 1307 2027 nimis

50 2041 204 2095 indigne
216 2041 338 2081 tulisse
351 2040 533 2094 personae
550 2053 716 2080 mutatae
728 2039 912 2079 fraudem:
933 2040 1071 2079 Noster
1085 2041 1229 2093 Enipeo
1249 2054 1309 2080 ra-

51 2096 197 2135 tionem
213 2096 361 2148 eripere
375 2095 499 2134 noluit
510 2125 520 2143 ‚
538 2107 605 2134 cur
619 2094 748 2134 iustius
762 2095 927 2140 doleret,
954 2095 992 2133 &
1016 2107 1105 2134 cum
1121 2096 1310 2147 Neptuno

52 2149 323 2203 expostularet.
334 2149 425 2189 vid.
437 2148 619 2202 Apollod.
631 2149 646 2187 I
656 2181 664 2193 ‚
679 2163 714 2202 p.
728 2163 774 2200 43
787 2180 793 2184 ,
808 2149 893 2195 ubi,
908 2148 1228 2200 quemadmodum
1249 2147 1312 2187 su-

53 2216 122 2256 pra
134 2203 322 2255 φοιτώσης
338 2202 634 2255 ὃσημέραιιπαρέι
645 2217 702 2249 σε,
721 2202 902 2248 similiter,
917 2202 980 2240 καὶ
993 2201 1167 2254 συνεχκῖς
1183 2201 1312 2241 {vt-*1⁷2

55 2256 188 2297 τούτου
199 2256 317 2309 ῥεῖθρα
327 2255 514 2307 φοιτῶσα,
522 2255 665 2296 τούτοις
675 2255 906 2307 ἀπωδύρετο·
921 2255 1027 2308 quod
1040 2256 1234 2302 ultimum,
1245 2254 1315 2294 etfi

55 2309 236 2364 sagaciter
247 2310 471 2362 cogitaverit
486 2310 584 2350 Tan.
596 2310 733 2356 Faber,
747 2323 833 2349 cum
847 2322 895 2348 eo
909 2321 989 2347 non
1001 2310 1241 2348 tentandum:
1262 2308 1317 2349 fic

56 2364 98 2404 δι
113 2378 149 2416 p.
166 2378 215 2415 27
232 2365 278 2403 de
293 2364 501 2417 Iphimedia
513 2365 685 2416 Neptuni
703 2363 815 2416 ipfius
831 2375 962 2401 amore
974 2375 1088 2416 capta
1099 2393 1111 2409 ‚
1135 2363 1199 2401 καὶ
1214 2376 1318 2401 συνε-

57 2417 147 2471 χῶς
158 2417 332 2468 φοιτῶσαι
343 2418 406 2465 ἐπὶ
423 2419 487 2457 τὴν
502 2419 720 2457 &domania
731 2416 849 2456 Poeta
863 2418 1020 2460 dixerat,
1043 2418 1112 2454 Καί
1122 2416 1151 2468 ῥ’
1164 2417 1223 2454 ἐπ’
1233 2416 1318 2455 Ἐνι-

57 2470 152 2511 πῆος
165 2472 384 2512 πωλέσκετο
399 2473 502 2510 καλὰ
515 2471 648 2523 ῥέεθρα·
665 2472 744 2510 vim
754 2471 861 2510 verbi
872 2471 1067 2509 Homerici
1079 2470 1320 2523 explanatius

52 2524 225 2567 dilatavit
235 2525 441 2575 LucianUS‚
460 2527 568 2578 παρὰ,
580 2527 654 2565 τὰς
667 2523 790 2579 ’ὄχθοις
804 2524 988 2617 ἁλύουσοὲ,
1000 2524 1067 2616 igal
1082 2522 1322 2575 ἐπεμβαίνων,

1053 2591 1077 2617 2
