1748 3420
120 207 202 253 IN
234 206 623 254 DIALOGOS
661 204 1176 254 MORTUORUM.
1219 226 1315 277 479

34 298 207 350 praeteriti
227 297 548 350 temporisfitmam,
570 298 718 350 ibiffiem
737 297 854 349 futuri
873 300 1088 351 exstinffam:
1114 313 1213 352 quae
1233 314 1314 340 non

0 370 5 382 ·
39 352 167 390 minus
183 350 305 404 ipsum
318 352 541 392 Poenorum
555 352 712 399 ducem,
728 365 844 404 quam
867 353 1018 401 milites,
1039 365 1167 406 petere
1184 356 1319 394 viden·

0 428 4 439 ·
33 415 114 448 sur.
143 404 256 444 IDEM
279 406 314 444 in
331 406 523 444 Adckmsis.

92 461 168 497 ead.
184 459 207 497 l.
226 459 355 498 16:54⁹
369 459 442 511 μὴ)
459 459 519 498 Sic
536 471 671 498 omnes
685 458 768 496 libri
782 457 898 497 nostri
911 471 982 511 pro
993 457 1025 498 35.
1048 459 1206 499 SOLAN.

0 541 2 550 i
94 512 185 564 Pag.
199 526 284 562 177.
297 513 320 551 l.
334 527 367 551 2.
381 511 617 564 Ἰταλιώτης)
636 510 836 551 Incurriffe
853 513 971 552 videri
987 514 1111 565 potest
1124 515 1315 555 Lucianus

0 599 2 604 ,
39 565 81 604 in
95 565 265 618 regulam
278 579 299 605 a
316 565 587 606 Grammaticis
605 565 869 618 praescriptam
883 597 894 613 ‚
910 580 1010 618 quae
1026 580 1066 606 ut
1082 568 1259 608 Σικελοὺς
1275 571 1316 609 δε

38 619 294 667 Σικελιώτας,
319 618 371 658 sic
394 620 507 659 etiam
535 618 705 658 Ἰταλοὺς
727 630 843 671 atque
871 619 1094 660 Ἰταλιώτας
1119 620 1315 663 discernit:

39 671 141 712 hanc
155 672 258 712 enim
275 685 452 712 normam
467 672 495 712 si
508 671 610 725 sequi
627 671 829 718 voluisset,
845 672 971 725 Scipio
987 686 1068 712 non
1080 674 1317 723 Ἰταλιώτης,

38 725 102 765 sed
121 726 265 766 Ἰταλὸς
279 727 458 766 dicendus
481 738 575 766 erat.
599 727 687 765 Vid.
709 727 865 778 Menag.
883 727 928 765 ad
954 726 1121 779 Diogen.
1137 729 1177 767 L.
1197 729 1254 777 11,
1281 744 1315 780 5.

39 779 191 819 Verum
216 793 298 819 eam
322 781 446 832 legem
464 780 602 832 optimi
625 779 826 832 scriptores
851 781 1016 833 migrare
1038 781 1148 834 saepe
1170 780 1316 831 solent;

68 847 191 886 roque
205 833 340 873 Siculis
351 836 587 874 Σικελιώταις
601 833 724 886 posuit
737 833 902 873 Diodor.
918 835 993 873 Sic.
1008 845 1089 873 tum
1106 834 1174 881 Xl,
1189 851 1224 888 p.
1239 851 1315 888 2’⁷9

38 846 93 926 f).
108 898 187 927 tum
203 887 292 926 alibi
306 900 384 927 non
397 900 487 927 raro
494 902 508 936 3
530 887 576 927 de
589 901 670 940 quo
683 900 794 927 more
809 888 1001 941 copiosius
1017 889 1094 928 alio
1110 888 1202 928 loco
1218 891 1317 929 dice-

39 953 137 981 mus,
157 942 319 980 Heius-r.

93 997 167 1034 ead.
182 996 206 1033 l.
231 1009 288 1034 ιο..
306 987 443 1047 Οὗτος)
454 993 724 1043 Commodius,
737 1006 820 1033 mea
832 994 987 1046 quidem
1000 993 1181 1036 sententia
1191 1027 1201 1045 ,
1214 996 1316 1050 lege·

39 1059 146 1089 retur
159 1044 361 1089 oi‘1'w5.sed
376 1048 465 1086 libri
484 1061 619 1088 omnes
631 1047 747 1087 aliter.
772 1048 932 1087 SOLAN.

94 1103 185 1155 Pag.
207 1102 292 1152 178.
307 1103 328 1140 l.
347 1116 380 1154 3.
395 1103 462 1141 Καὶ
477 1100 601 1151 ἡμεῖς)
615 1102 685 1141 Καὶ
698 1115 747 1141 ex
761 1102 844 1142 MS.
859 1102 938 1142 Ox.
959 1101 1120 1143 SOLAN.

94 1159 168 1195 ead.
190 1157 214 1195 l.
231 1170 290 1195 10.
305 1150 463 1207 Ὅμοια)
478 1155 684 1208 Quorsum
695 1157 897 1209 pertineat,
914 1170 1049 1209 quove
1073 1156 1315 1198 referendum

38 1207 99 1258 fit,
111 1222 298 1262 exputare
311 1222 486 1262 nequeo:
500 1223 586 1249 nam
601 1222 702 1262 quae
717 1208 848 1249 similia
861 1240 872 1258 ‚
885 1222 952 1250 aut
968 1211 1113 1263 quibus
1125 1224 1214 1251 ante
1229 1226 1317 1252 nar-

40 1264 145 1310 ratis,
162 1264 207 1303 de
214 1263 450 1316 Olympiade
460 1263 704 1303 ferebantur?
722 1264 979 1317 experiamur,
990 1277 1038 1303 ari
1051 1266 1230 1305 minimae
1240 1281 1322 1306 mu-

39 1318 197 1357 tationis
211 1316 400 1357 benesicio
419 1316 545 1357 sensus
559 1317 774 1356 verborum
789 1317 994 1358 enitescere
1006 1330 1140 1371 queat:
1165 1320 1227 1358 καὶ
1243 1322 1318 1370 μὴν

40 1370 106 1410 καὶ
127 1372 212 1423 περὶ
236 1370 303 1412 τῆς
322 1371 590 1421 Ὀλυμπιάδος
606 1369 719 1410 ὁποῖα,
738 1371 941 1424 ἐλέγσντο5
965 1371 1158 1424 ἓρακοντα
1175 1372 1317 1423 ὁμιλεῖν

40 1421 152 1476 αὗτζῖ·
167 1426 241 1465 &c.
260 1437 299 1464 at
311 1442 387 1464 vero
401 1428 440 1463 de
456 1426 658 1478 Olympiade
671 1426 788 1477 quaHa
797 1424 1025 1477 ferebantur?
1049 1429 1222 1467 draconem
1239 1445 1316 1467 cum

38 1495 80 1518 ea
96 1479 324 1531 consuescere:
348 1480 441 1519 haec
455 1508 465 1526 ,
491 1491 588 1532 puto
603 1510 614 1528 ‚
639 1481 880 1519 conveniunt
894 1479 1082 1533 Diogenis
1096 1482 1317 1522 admiratio·

39 1546 128 1573 nem
145 1533 349 1573 irrisoriam
372 1532 549 1585 fingentis
569 1531 766 1585 personae.
790 1531 940 1573 Ὁτι-οἶος
962 1545 1089 1574 autem
1105 1565 1116 1581 ,
1146 1535 1251 1576 ποῖος
1276 1538 1318 1576 &

39 1583 113 1627 οἷος
131 1586 350 1641 frequenter
371 1587 532 1627 similem
551 1586 662 1626 usum
677 1587 818 1627 habere
832 1599 970 1628 notum
986 1588 1049 1628 est.
1072 1588 1175 1628 Dial.
1192 1590 1316 1630 Mort.

39 1641 167 1690 XXII,
175 1642 233 1694 δι’)
242 1641 348 1688 νοεῖς,
360 1641 479 1680 ὁποῖον
490 1640 610 1692 ανὲρα
621 1640 931 1693 Σιεπόρθμευσας.
947 1643 1102 1694 Magnis
1111 1644 1204 1682 viris
1215 1657 1234 1682 a
1241 1646 1318 1697 pud

39 1696 223 1749 antiquos
235 1696 277 1735 ὃ(
292 1695 527 1735 fortitudinis
546 1695 786 1734 admirandae
800 1695 913 1735 laude
925 1695 1241 1749 praestantiffirriis
1251 1698 1316 1737 illa

39 1748 241 1802 singularis
254 1750 414 1789 lionoris
428 1749 697 1803 praerogativa
713 1747 784 1788 fuit
798 1749 981 1788 attributa
992 1780 1004 1796 ,
1022 1763 1062 1790 ut
1079 1751 1291 1791 draconum
1303 1781 1313 1799 ,

39 1814 155 1856 atque
171 1804 268 1843 adeo
283 1803 461 1844 Deorum
486 1803 551 1856 (lii
573 1804 672 1842 enim
692 1803 835 1843 nullius
855 1816 977 1856 aeque
998 1805 1170 1844 animalis
1191 1804 1316 1859 specie

38 1858 153 1897 celari
167 1858 402 1911 gaudebant)
417 1857 483 1896 filii
505 1857 814 1910 perhiberentur:
837 1870 886 1897 ex
910 1858 972 1897 tali
993 1860 1210 1899 concubitu
1223 1873 1317 1912 gens

39 1923 128 1951 orta
142 1911 384 1966 ’00:072v2T5,
401 1912 492 1951 teste
503 1911 668 1950 Aeliano
681 1911 726 1950 de
736 1911 867 1950 Anim.
880 1911 970 1958 XII,
984 1927 1045 1965 39.
1061 1912 1124 1952 De
1137 1913 1318 1966 Augusto

39 1966 131 2018 quid
155 1968 334 2005 mandare
355 1965 564 2005 memoriae
584 1964 796 2005 sustinuerit
815 1964 1056 2019 Asclepiades
1079 1967 1318 2016 Mendesius,

38 2019 106 2059 vel
120 2021 220 2059 inter
232 2021 454 2072 Aegyptios
469 2020 590 2059 honio
604 2019 874 2071 nugacissimus
886 2049 898 2065 ,
917 2021 1097 2060 traditum
1119 2034 1140 2060 a
1153 2021 1315 2061 Sueton.

41 2086 75 2113 c.
89 2087 152 2124 94.
168 2073 241 2113 Sed
255 2074 431 2126 exempla
441 2104 455 2119 ,
468 2085 567 2126 quae
580 2086 723 2125 magno
739 2073 823 2113 sunt
836 2078 1018 2121 numero,
1029 2088 1243 2127 congerere
1259 2077 1317 2117 ni·

0 2169 2 2184 ι
40 2127 254 2167 hil-attinet.
279 2128 487 2168 Alexandri
509 2138 617 2166 ortus
630 2140 746 2178 quam
762 2128 868 2167 varie
892 2127 1007 2168 fuerit
1029 2142 1051 2168 a
1075 2128 1319 2182 scriptoribus

0 2186 1 2202 ³
41 2181 262 2234 expositus,
284 2193 436 2221 enarrat
449 2180 673 2220 Plutarchus
693 2182 730 2220 in
748 2182 860 2220 initio
873 2183 977 2222 vitae
999 2183 1102 2222 eius:
1132 2183 1317 2236 quosdam

40 2234 131 2275 sane
152 2249 232 2275 non
260 2236 396 2288 puduit
422 2235 634 2287 Philippum
651 2235 794 2275 infandi
814 2236 1045 2276 concubitus
1063 2236 1319 2290 spe&atorem

0 2301 1 2309 ¹
43 2290 168 2341 agenti
184 2290 298 2329 rimas
317 2290 456 2329 ianuae
469 2291 701 2337 admovere,
716 2290 881 2343 ideoque
904 2292 988 2343 post
1000 2291 1182 2330 orbatum
1201 2293 1321 2332 oculo

0 2339 1 2377 ἶ
42 2342 142 2382 male
163 2343 338 2390 curioso,
365 2345 431 2396 qui
457 2343 699 2383 volutantem
720 2356 809 2383 cum
834 2357 959 2384 uxore
972 2346 1178 2385 draconem
1195 2344 1319 2385 fuerat

42 2396 301 2450 conspicatus.
327 2397 538 2450 Olympias
559 2410 660 2436 vero
685 2410 882 2437 rumorem
911 2399 1118 2451 pudicitiae
1141 2399 1229 2438 suae
1249 2412 1321 2438 no-

44 2451 152 2489 xium
167 2451 339 2491 aversata
355 2453 478 2491 dicere
493 2451 637 2490 solebat
650 2464 800 2504 argute:
827 2449 878 2490 Oi}
892 2453 1088 2491 παύσεταί
1097 2467 1147 2502 με
1162 2452 1322 2498 Χαβαλ-

45 2505 370 2559 ).ωνἈᾹέξανδ“ρος
383 2508 472 2559 πρὶς
484 2504 549 2546 τὴν
563 2503 682 2557 Ἦραν·
701 2506 808 2560 quod
822 2505 968 2546 diistum
992 2518 1032 2546 ut
1052 2506 1118 2560 ‘ipsi
1134 2506 1176 2545 sit
1196 2506 1321 2548 hono-
