1748 3420
172 231 258 278 'IN
302 231 741 280 DIALO'GOS
792 233 1179 282 MARINOS.
1219 253 1302 302 371

47 315 158 371 pavit
172 317 218 356 ad
230 316 348 357 Ovid.
366 319 524 358 Metam.
544 318 619 364 lv,
639 331 722 368 525.
745 319 833 358 Vid.
850 318 1022 360 Philostr.
1045 320 1168 368 1c.11,
1191 335 1225 361 c.
1243 323 1312 370 16,

47 371 156 411 cuius
175 371 321 418 locum,
335 372 372 410 in
387 385 468 423 quo
486 373 521 410 se
535 371 693 410 mirifice
709 373 950 424 nuperi-imus
962 374 1087 412 editor
1100 375 1286 426 implicuit
1296 405 1310 422 ,

45 424 161 463 unius
179 424 349 463 literulae
365 424 556 477 dispendio
575 426 752 476 expedire
775 426 902 466 iuvat:
925 424 942 466 ἦ
960 427 1028 465 Ἰνὼ
1040 426 1102 467 τῆς
1113 429 1187 480 ’γῆς
1201 430 1312 468 ἐκπε-

48 475 185 523 σοῦσα,
195 478 313 528 τὸμὲν
329 477 664 526 ἐαυτιῐς,ΛευκοΘεά
673 493 716 517 τε
727 479 788 517 καὶ
803 478 948 518 τοῦτῶν
965 480 1148 531 Νηριιίὲοψ
1161 482 1310 521 κύκλου·

48 531 93 568 ’το
110 529 155 570 δὲ
169 528 234 569 τοῦ
252 531 408 576 παιὲος,
428 529 446 571 ἦ
463 530 519 585 γιῖ
530 531 743 580 Παλαίμονι
765 531 817 579 τῷ
831 533 946 584 βρέφει
960 531 1162 586 χρήσεται.
1186 541 1312 574 Λευκο-

47 583 121 622 θέα
136 583 300 635 positum
317 585 414 624 inter
431 584 563 625 ἑαυτῆς
577 587 617 624 &
629 584 695 623 τοῦ
709 584 783 623 τῶν
795 586 980 637 Νηρηΐὲων
994 602 1027 625 κ.
1050 587 1188 625 librarii
1203 602 1312 640 prae-

47 638 260 676 termittere
279 650 358 676 non
384 649 618 690 potuerunt,
638 639 731 691 quin
743 640 904 678 eundem
930 641 967 677 in
987 638 1114 679 casum
1130 641 1312 681 transfer-

49 701 152 730 rent:
176 703 347 731 errorem
373 692 479 731 illum
493 693 667 731 ornatius
677 692 843 731 excoluit
856 692 1055 738 Olearius,
1069 695 1134 746 regi
1151 695 1238 733 hunc
1254 709 1312 745 ge-

48 744 189 783 nitivum
201 761 224 782 α
233 745 386 797 sequente
398 761 478 784 mox
499 747 595 784 verbo
607 743 794 798 χρήσεται
812 747 1020 786 affirmans:
1036 746 1127 785 illud
1145 748 1310 786 alienum

49 796 208 850 prorsus
224 797 331 850 quasi
346 800 516 838 nondum
531 798 731 847 sufficeret,
744 800 844 838 addit
865 799 1012 852 insuper
1026 816 1034 839 ;
1043 801 1183 853 phrafitz
1200 814 1312 840 autem

48 849 238 904 χρήσεται
251 852 451 891 Λευκοθέας
463 853 525 891 vix
534 866 643 891 vertas
657 853 917 901 convenientius,
932 868 1046 906 quam,
1063 854 1307 894 Leucotheae

51 904 199 944 fruetur
220 903 392 957 persona.
412 907 577 945 HEMST.

103 959 177 996 ead.
189 959 213 996 l.
234 971 290 1008 17.
320 958 540 1013 Κιθαρῳέον)
557 960 732 1009 Nomen,
749 958 777 998 si
789 971 869 999 non
887 958 1107 1007 succurrat,
1121 973 1214 1000 mox
1235 960 1312 999 edi«

51 1021 164 1051 turus
186 1011 250 1051 est.
273 1011 430 1051 SOLAN.

104 1068 177 1104 ead.
193 1065 216 1104 l.
237 1065 294 1104 18.
318 1064 420 1116 Αὐτῇ
436 1065 549 1116 σκευξῐ
563 1066 628 1105 καὶ
650 1066 799 1119 κιθάρα)
817 1066 894 1106 Vel
910 1066 1004 1106 haec
1023 1065 1092 1106 suo
1111 1066 1201 1107 loco
1225 1066 1313 1107 sunt

51 1131 170 1165 mota,
184 1119 399 1172 retrahique
415 1121 551 1160 debent
562 1121 607 1159 ad
620 1120 836 1167 ἀναλαβὼν,
853 1119 915 1160 vel
929 1120 1013 1172 post
1023 1121 1191 1173 Ταίναρον
1210 1123 1313 1161 exci-

50 1173 102 1211 dit
115 1174 240 1224 φέρων,
253 1186 333 1225 quo
347 1175 477 1226 potius
495 1175 642 1214 animus
652 1174 823 1214 inclinat:
839 1175 878 1212 in
888 1174 1027 1213 ultimo
1039 1173 1195 1227 dialogo
1205 1205 1217 1220 ,
1232 1174 1314 1226 ἑξε-

51 1226 218 1277 νηξάιμην
233 1225 335 1277 ἔχων
353 1227 406 1267 εἰς
419 1229 601 1281 Ταίναρον·
622 1229 771 1267 Aelian.
784 1229 828 1267 de
842 1229 969 1266 Anim.
983 1227 1093 1273 VIII,
1105 1241 1137 1266 c.
1155 1243 1190 1280 3,
1206 1230 1244 1266 in
1263 1228 1314 1268 fi·

52 1280 130 1320 mili
146 1279 230 1320 casu
243 1280 409 1321 Coerani
429 1280 547 1322 Parii.
577 1282 641 1321 καὶ
664 1281 742 1321 ἔνθα
759 1280 974 1333 ἐξενήξαντο
997 1281 1175 1334 ὀχοῦντες
1188 1278 1314 1323 αὐτόν.

53 1334 119 1374 Ab
132 1334 350 1382 Herodoto,
367 1347 458 1373 cum
480 1349 560 1388 quo
572 1336 740 1388 plerique
752 1346 927 1374 veterum
943 1336 1161 1388 conspirant
1174 1365 1185 1383 ‚
1202 1336 1240 1374 in
1254 1336 1314 1375 A-

52 1387 170 1427 rionis
182 1387 332 1428 historia
344 1387 506 1427 diffentit
519 1389 670 1436 Noster,
686 1389 781 1428 alios
795 1388 872 1429 sine
885 1389 1002 1428 dubio
1014 1389 1165 1429 secutus
1178 1389 1313 1429 aucto-

53 1454 127 1481 res.
140 1441 316 1481 Vid.10s.
336 1442 519 1495 Scaligeri
534 1443 659 1482 Anim.
677 1444 715 1482 in
731 1442 864 1482 Euseb.
878 1457 914 1496 p.
930 1443 992 1492 84.
1008 1443 1181 1494 hymnus
1193 1443 1312 1482 Ario·

53 1496 112 1535 nis
124 1494 241 1548 ipsius
252 1525 263 1541 ‚
278 1509 392 1548 quem
408 1497 590 1550 proponit
603 1498 665 1536 vir
678 1497 886 1545 maximus,
904 1497 950 1535 ab
964 1496 1126 1536 Aeliano
1141 1495 1313 1537 servatus

55 1548 109 1588 est
121 1550 167 1588 de
180 1549 309 1588 Anim.
322 1549 413 1596 XII,
429 1564 490 1603 45.
508 1551 627 1603 Apud
639 1549 905 1590 philostratum
919 1563 1016 1590 vero
1034 1550 1085 1589 Ic.
1100 1550 1131 1596 Ι,
1150 1562 1185 1589 c.
1202 1564 1262 1603 19,
1275 1565 1313 1604 p.

54 1616 147 1655 794,
166 1602 308 1655 Ἀρίωνὸ
325 1604 387 1642 ἐπὶ
403 1603 455 1652 τῷ
469 1604 632 1656 Ταινάρῳ
644 1604 766 1643 statua
775 1604 828 1643 est
839 1606 978 1656 poetae
993 1603 1229 1643 celeberrimi
1245 1617 1315 1644 ae-

55 1669 151 1704 nea,
172 1670 288 1709 quam
303 1657 340 1696 in
355 1656 618 1711 sempiternam
642 1660 694 1697 rei
710 1658 905 1697 mirandae
919 1658 1143 1696 memoriam
1164 1658 1214 1695 ibi
1233 1658 1315 1696 col-

56 1709 302 1750 locaverant:
319 1710 439 1757 «Γιιλοῖ,
451 1712 587 1764 inquit,
602 1711 690 1750 τοὺς
700 1711 878 1760 ἓελφῖνας
891 1710 1054 1762 ἑταίρους
1068 1724 1114 1749 τε
1127 1706 1222 1750 εἶναι
1236 1710 1316 1750 τοῖς

57 1763 264 1816 ἀνθρώποις,
276 1765 340 1803 καὶ
355 1763 456 1814 ᾦὲἧς
472 1766 619 1817 φίλους,
637 1766 701 1804 καὶ
715 1763 808 1805 οἵους
823 1765 1133 1818 παραταξασὲϊαι
1148 1766 1237 1817 προς
1250 1777 1319 1813 λῃ-

61 1821 159 1858 στὰς
170 1815 261 1870 ὑπὲρ
271 1819 460 1870 ἀνθρώπιον
472 1819 535 1858 καὶ
548 1819 738 1869 μουσικῆς.
762 1830 803 1858 ut
818 1818 1068 1869 φιλομουσίαν
1090 1831 1226 1857 eorum
1236 1818 1318 1858 lau-

57 1873 121 1911 dat
136 1872 338 1925 Neptunus
353 1873 393 1912 in
405 1873 479 1913 hoc
491 1873 660 1926 dialogo,
675 1872 725 1913 fic
737 1873 956 1924 φιλόμουσοι
970 1871 1078 1925 saepe
1088 1871 1138 1910 ab
1148 1872 1317 1911 Aeliano

58 1937 174 1979 atque
193 1927 271 1966 aliis
291 1927 480 1966 dicuntur.
508 1927 628 1967 Recte
650 1939 778 1966 autem
795 1928 840 1966 de
862 1926 1041 1978 delphino
1064 1926 1252 1965 Arionem
1276 1926 1315 1964 in
1343 1941 1348 1946 ·

59 1979 214 2020 dorsum
228 1979 447 2033 suscipiente
463 1994 508 2020 ac
521 1980 749 2021 sustentante
763 1979 966 2025 ἀναλαβεῖν
982 1978 1183 2031 usurpatur
1202 1979 1265 2020 vel
1278 1975 1319 2017 ὁ·

59 2033 238 2078 πολαβεῖν
262 2034 381 2074 infra:
402 2035 592 2076 utrumvis
613 2036 776 2074 verbum
802 2034 946 2073 restitui
969 2033 1090 2085 placet
1106 2032 1251 2072 Platoni
1273 2033 1319 2072 de

61 2087 160 2141 Rep.
170 2089 223 2136 V,
235 2102 272 2141 p.
291 2089 364 2141 653
383 2089 429 2127 A.
444 2087 581 2129 Οὖκοῦν
594 2090 660 2127 καὶ
678 2086 760 2138 ἡμῖν
770 2088 949 2133 νευστέον,
966 2087 1030 2125 καὶ
1044 2087 1239 2139 πειρατέον
1254 2087 1322 2126 σώ-

60 2143 200 2194 ζεσῧαι
215 2143 257 2180 ἐκ
272 2142 338 2181 τοῦ
355 2143 429 2195 λὸγ
438 2157 492 2189 ου,
506 2140 526 2181 ii
541 2157 597 2182 τοι
611 2142 772 2189 ὃελφῖνά,
790 2142 856 2181 τιν’
871 2142 1096 2192 ἐλπίζοντας
1113 2138 1214 2190 §aas
1228 2139 1320 2180 ὑπο-

63 2195 195 2241 λαβεῖν
210 2195 302 2242 &mi
316 2211 406 2235 τινα
419 2197 539 2236 ἄλλην
555 2199 690 2247 απορον
702 2196 894 2248 σωτηρίαν·
919 2208 1005 2233 nam
1020 2195 1126 2247 quod
1140 2194 1322 2246 vulgatur

65 2249 287 2298 ἀπολαβεῖν,
307 2249 360 2289 est
375 2250 466 2288 illud
486 2251 649 2289 omnino
665 2250 778 2289 huius
792 2248 985 2302 potestatis
1002 2260 1156 2301 expers:
1177 2248 1323 2287 forma-

63 2305 139 2350 vit,
162 2313 206 2343 ut
222 2302 329 2343 facile
345 2304 487 2356 liquet,
511 2317 561 2343 ex
577 2304 735 2343 Arionis
749 2303 902 2342 historia
917 2302 1059 2341 dictum
1082 2301 1325 2354 proverbiale

63 2356 188 2396 Plato.
203 2357 324 2397 Porro
345 2358 478 2397 σκευὴν
492 2359 644 2411 proprie
656 2356 747 2397 dixit
759 2358 969 2402 Lamnus,
982 2368 1137 2395 ornatum
1148 2387 1160 2404 ,
1176 2356 1264 2401 vel,
1281 2367 1325 2394 ut

67 2410 275 2451 Suetonius
294 2412 344 2450 ait
359 2411 395 2450 in
411 2412 501 2451 Ner.
520 2424 554 2451 c.
577 2427 626 2461 24
638 2442 647 2458 ‚
668 2412 819 2451 habitum
835 2411 1112 2450 citharoedicam.-
1132 2410 1322 2449 Herodot.

68 2464 104 2509 I,
121 2479 184 2513 24,
195 2465 230 2504 ἐν
250 2464 299 2515 τῇ
315 2465 428 2515 σκευῇ
440 2464 547 2514 πάσῃ
562 2465 634 2505 &c.
657 2466 798 2505 αεῖσαι·
818 2478 913 2504 mox
926 2494 938 2510 ,
961 2464 1120 2503 &usuum
1133 2477 1177 2501 τε
1192 2461 1325 2501 πᾶσαν

71 2517 141 2559 τὴν
155 2518 301 2569 σκευὴν,
311 2519 374 2560 καὶ
387 2519 554 2565 λαβόντα
565 2520 629 2561 τὴν
638 2518 792 2571 κιθάρην.
806 2519 852 2560 de
861 2519 897 2559 Ν
900 2530 1017 2612 eroge
1029 2517 1110 2558 Dio
1119 2515 1215 2557 Caff.
1227 2511 1328 2566 LXI,

1013 2584 1035 2610 a
1063 2585 1084 2609 2
