1748 3420
458 249 544 313 358
647 247 1519 299 ANNOTATIONES

507 336 595 386 Pag.
608 349 670 387 99.
687 337 710 376 l.
722 351 756 376 2.
769 337 958 386 Ξυναυλία
966 337 1147 391 μίγνυσο)
1161 337 1284 390 Quod
1296 337 1432 379 Codex
1445 352 1545 380 unus
1560 339 1601 380 &
1613 340 1708 380 item'

451 388 546 428 alter
560 390 739 442 praebent
763 393 1076 443 cvvoevapea'yvvm,
1092 392 1156 430 vix
1177 392 1394 432 crediderim
1415 393 1618 434 lectionem
1633 393 1708 435 effe

452 443 614 490 variam,
627 442 687 482 sed
700 445 825 497 potius
838 445 1017 496 vulgatae
1032 445 1610 499 leaionisinterpretamentum:
1626 447 1706 499 ξυν-

452 499 568 544 αυλία
590 499 753 550 μίγνυσο
774 499 868 550 quin
894 497 1132 537 refiiffimum
1160 498 1204 538 fit
1235 499 1361 539 nullus
1383 501 1537 549 dubito,
1566 502 1709 554 quippe

454 551 638 589 eruditius
651 582 662 597 ,
678 564 795 603 quam
812 563 852 590 ut
873 564 893 590 a
910 552 1078 591 Luciano
1095 565 1172 591 non
1195 552 1238 591 sit
1251 552 1478 606 profeftum.
1503 556 1712 596 Ξυναυλίαν

453 615 598 642 vocant
612 605 767 643 tibiarum
789 618 995 650 concentum,
1016 605 1083 645 τὴν
1106 604 1177 645 ὑπὸ
1198 605 1263 644 suo
1290 608 1571 656 ἐπιτελουμένην
1593 607 1711 648 αὔλη-

452 671 526 694 σιν·
543 657 633 696 ὅταν
643 661 721 711 γὰρ
731 658 798 696 δύο
811 655 969 705 αὖλῶσι,
982 659 1161 709 ξυναυλία
1173 661 1347 712 λέγεται,
1359 659 1529 700 utscribit
1539 661 1711 713 HesychL

453 710 543 750 hinc
558 714 654 763 apud
671 712 852 764 Long.11.
870 727 904 765 p.
919 714 983 758 62,
997 708 1120 752 αὐλῶν
1135 727 1194 751 τις
1210 716 1253 751 ἂν
1270 710 1357 760 <lirion
1371 715 1645 754 συναυλούντων
1665 715 1711 753 ἐι-

453 764 577 803 neom.
588 765 777 804 Eiusmodi
791 767 1005 810 συναυλίαν,
1026 765 1104 805 sive
1120 768 1331 816 συμφωνίαν
1348 781 1436 805 τινα
1448 767 1521 806 τ’ὦν
1536 763 1712 810 αὐλητῶν

452 817 487 856 ἐν
504 818 748 857 Παναθηαίοις
763 819 1034 858 συναυλοὺντων
1049 830 1327 859 commemorat
1342 820 1435 860 Poll.
1450 821 1523 869 IV,
1535 821 1595 875 83.
1612 821 1710 862 Stri-

452 870 551 910 {tius
572 872 739 924 alioquin
764 871 935 924 usurpari
952 871 1069 919 solet,
1089 875 1248 926 quando
1267 874 1392 914 choro
1411 877 1576 914 cantanti
1596 875 1712 917 tibiae

454 926 592 965 modos
609 937 835 978 attemperat
855 927 1062 966 choraulus
1073 957 1086 973 ,
1108 928 1175 979 qui
1189 928 1339 980 quidem
1355 940 1438 967 mos
1451 928 1550 981 a'pud
1561 940 1713 970 veteres

453 979 673 1028 obtinebat3
703 994 789 1019 nam
814 979 1055 1031 postmodum
1082 981 1191 1019 chori
1212 982 1492 1034 praecinentem
1513 983 1711 1023 tibicinem

451 1045 555 1072 voce
567 1031 905 1086 subsequebantur:
921 1034 1060 1074 Athen.
1077 1034 1187 1082 XIV,
1199 1049 1235 1087 p.
1249 1035 1326 1083 617
1338 1035 1382 1075 C.
1393 1036 1521 1088 itaque
1536 1035 1590 1075 est
1603 1037 1710 1076 intel-

451 1085 660 1136 ligendum,
672 1088 776 1139 quod
796 1088 1014 1140 adiungitur
1028 1101 1049 1126 a
1060 1087 1234 1127 Polluce:
1255 1088 1283 1128 oi
1298 1089 1342 1127 <Pk
1355 1089 1420 1128 τὴν
1433 1090 1639 1129 συναυλίαν
1656 1089 1711 1132 εῖ-

452 1137 520 1178 Σος
541 1141 832 1191 προσαυλίνσεως
858 1156 1010 1189 οιονται,
1031 1139 1078 1180 ὦς
1096 1141 1162 1180 τὴν
1182 1138 1388 1191 αὗλῳὸίαν·
1408 1143 1451 1183 &
1471 1143 1594 1195 Segm.
1619 1158 1708 1185 10¹7.

454 1193 543 1231 vide
554 1194 674 1232 Henr.
687 1194 812 1234 Vales.
825 1196 869 1233 ad
886 1196 976 1234 Exc.
993 1209 1039 1234 ex
1053 1195 1229 1235 Diodoro
1242 1197 1313 1236 Sic.
1331 1210 1365 1248 p.
1390 1210 1447 1248 5¹·
1462 1196 1581 1236 Paulo
1595 1199 1710 1237 etiam

454 1244 640 1300 discrepat
658 1248 812 1295 Semus,
836 1249 902 1301 qui
921 1250 984 1287 τὴν
1005 1261 1208 1288 συναυλίαν
1228 1264 1268 1288 τι
1293 1250 1380 1289 ποτ’
1398 1250 1497 1289 ἐστὶν
1517 1250 1711 1303 ἐμφανίζει

454 1298 557 1340 hunc
572 1302 607 1339 in
623 1303 794 1348 modum,
806 1302 895 1341 teste
905 1302 1044 1342 Athen.
1060 1303 1171 1348 XIV,
1185 1318 1219 1355 p.
1231 1303 1307 1342 618
1323 1305 1367 1342 A.
1379 1303 1484 1358 ἁγὼν
1499 1306 1713 1353 συμφωνίας

453 1353 650 1403 ἀμοιβαῖος
662 1352 780 1394 αὗλοῦ
796 1357 859 1394 καὶ
871 1355 1004 1407 ῥυθμου
1017 1357 1134 1409 χωρὶς
1146 1358 1259 1411 λόγου
1269 1356 1336 1396 τοῦ
1347 1356 1713 1410 προσμελῳδοῦντος·

454 1406 521 1445 nifi
533 1408 762 1461 descripserit
776 1410 827 1448 ibi
840 1439 850 1456 ‚
865 1411 968 1461 quod
985 1412 1117 1450 verius
1130 1412 1287 1462 opinor,
1297 1424 1444 1451 certum
1456 1411 1612 1463 aliquod
1627 1427 1711 1451 συν-

454 1464 590 1501 αυλίας
604 1476 723 1516 genus
737 1464 774 1502 in
793 1463 899 1504 sacris
910 1463 1033 1503 Deliis
1047 1465 1253 1504 adhibitum
1266 1478 1278 1513 ·,
1293 1477 1377 1504 nam
1391 1478 1492 1518 quae
1504 1464 1710 1517 proferun-

454 1524 534 1561 tur,
555 1529 603 1556 ex
622 1518 704 1557 eius
721 1516 879 1557 Deliade
896 1517 980 1556 sunt
995 1519 1211 1570 depromta:
1227 1517 1288 1557 sed
1300 1531 1402 1572 quae
1426 1519 1497 1558 illis
1522 1519 1559 1558 in
1583 1520 1713 1560 verbis

454 1569 639 1610 uberiore
649 1572 735 1611 luce
745 1571 914 1624 indigent
924 1601 934 1616 ,
951 1585 1052 1610 nunc
1064 1585 1110 1611 ne
1125 1573 1307 1625 attingere
1318 1573 1467 1625 quidem
1482 1573 1631 1614 animus
1645 1573 1711 1614 est.

453 1622 582 1663 Schol.
601 1625 646 1664 ad
658 1624 822 1678 Gregor.
837 1625 872 1664 N
877 1626 1014 1664 azianz.
1028 1626 1114 1665 Stel.
1131 1626 1188 1670 11,
1214 1641 1249 1679 p.
1269 1628 1362 1666 106:
1380 1627 1572 1667 Συναυλία
1587 1627 1710 1674 ἐστὶν,

455 1673 560 1716 {nemon
577 1677 642 1717 5230
657 1679 674 1716 ii
692 1681 756 1719 καὶ
770 1679 917 1717 πλείους
930 1676 1094 1718 αὐληταὶ
1108 1678 1355 1719 συναυλοῦσιν
1369 1677 1469 1731 ἅμα,
1491 1681 1566 1720 61⁷-te
1577 1679 1713 1731 ὅμοιον,

454 1744 532 1769 ειτε
546 1731 727 1784 ὃιαφορον,
745 1732 840 1782 ὁμὲν
856 1733 1063 1782 καλαμῳ,ὃ
1079 1733 1122 1772 δὲ
1144 1735 1284 1786 κέρατι,
1302 1733 1317 1771 ὃ
1333 1733 1377 1773 ὃὲ
1389 1733 1442 1782 τῷ
1452 1732 1595 1786 χαλκῷ
1606 1735 1712 1774 ἐναυ-

455 1784 524 1822 λεῖ.
552 1785 714 1839 Λέγομεν
726 1786 769 1825 s}
781 1790 986 1826 συναυλίαν
1000 1786 1064 1825 καὶ
1079 1786 1227 1838 κιθαρας
1240 1785 1325 1836 ἅμα
1338 1793 1628 1841 συγκρουομένννς
1640 1785 1711 1827 αὖ·

454 1837 511 1886 λῷ
525 1839 586 1876 καὶ
602 1840 947 1893 συμφθεγγομένηφ
970 1840 1263 1894 haudquaquam
1278 1839 1458 1886 absurde,
1477 1852 1521 1880 ut
1533 1854 1620 1880 eum
1636 1841 1708 1882 bo-

453 1904 508 1930 no
531 1893 617 1932 duci
637 1893 861 1933 obsecutum
887 1893 996 1933 fuiffe
1015 1893 1124 1934 facile
1147 1907 1341 1947 appareat:
1369 1896 1414 1934 de
1437 1895 1578 1934 cithara
1602 1896 1710 1948 quod

453 1958 588 1985 monet
599 1978 609 1989 .
633 1959 779 1986 certum
799 1947 871 1995 est3
893 1960 1000 1987 erant
1012 1950 1113 1987 enim
1127 1949 1165 1987 δι
1179 1949 1274 1998 νόμοι
1291 1947 1559 2000 κιθαριστήριοι,
1573 1945 1624 1988 οἷς
1636 1950 1706 1988 καὶ

452 1998 695 2051 προσήυλουν,
707 2002 941 2054 meninitque
955 2002 1175 2042 Athenaeus
1189 2000 1258 2042 ’τνῖς
1276 2001 1347 2040 τῶν
1364 1998 1487 2041 aonam
1496 2005 1586 2055 προς
1596 2002 1708 2053 λύραν

455 2055 644 2095 κοινωνίας.
668 2057 769 2095 Hinc
791 2068 934 2108 pronus
949 2057 994 2095 ad
1011 2055 1210 2108 figuratam
1226 2057 1410 2096 orationis
1424 2055 1588 2095 formam
1605 2067 1707 2108 patet

452 2108 592 2154 aditus,
603 2122 689 2148 cum
706 2110 782 2149 duo
797 2108 970 2161 pluresve
982 2111 1020 2148 in
1033 2111 1186 2149 eandem
1202 2123 1281 2150 rem
1297 2109 1550 2155 consentiunt,
1567 2123 1610 2150 ac
1625 2123 1708 2150 mu-

451 2162 526 2201 tuis
542 2163 760 2202 animorum
773 2163 900 2203 studiis
913 2162 1148 2216 conspirant:
1165 2165 1348 2216 quoniam
1364 2176 1461 2203 vero
1471 2164 1582 2203 tibiae
1597 2163 1707 2204 fune-

452 2215 553 2264 bres,
572 2217 660 2257 ideo
675 2216 830 2263 saetam,
845 2219 933 2256 utin
946 2218 1142 2257 communi
1155 2217 1261 2257 luch
1275 2217 1315 2256 δι
1327 2218 1588 2271 deploratione
1600 2231 1710 2270 prae-

452 2270 566 2320 cipue
577 2272 757 2316 συναυλία
772 2283 946 2323 ponatur.
967 2271 1135 2311 philostr.
1148 2271 1254 2310 Icon.
1267 2271 1300 2318 1,
1315 2285 1345 2310 c.
1364 2285 1376 2309 ι
1389 2286 1424 2317 1,
1436 2284 1472 2323 p.
1488 2271 1538 2319 78
1549 2284 1580 2319 1,
1591 2275 1707 2323 λέγε-

452 2337 520 2362 ται
540 2326 624 2375 ’γὰρ
639 2325 844 2375 ξυναυλίαν
864 2324 929 2362 τοῦ
941 2321 1063 2376 θρήνου
1074 2325 1154 2364 τοῖς
1167 2324 1308 2364 κύκνοις
1327 2324 1557 2378 ὁμολογῆσαι
1576 2324 1706 2378 (Ζέφυ-

451 2376 540 2429 por.)
560 2378 736 2417 Libanius
759 2378 804 2417 de
815 2379 1034 2418 Nicomedia
1056 2391 1179 2418 terrae
1200 2390 1308 2418 motu
1329 2377 1507 2418 subversa
1521 2392 1554 2431 p.
1568 2391 1641 2428 207
1657 2378 1702 2418 Β.

452 2428 509 2470 νῦν
523 2431 598 2471 ἔδει
613 2433 676 2470 καὶ
689 2433 849 2483 πέτραις
861 2430 1006 2471 saevive:
1020 2431 1181 2483 δάκρυα,
1199 2433 1261 2471 καὶ
1276 2433 1381 2483 ’όρνισι
1401 2431 1476 2472 νοῦν
1498 2432 1547 2471 εἰς
1561 2446 1701 2472 συναυ-

452 2485 537 2525 λίαν
561 2484 627 2524 τοῦ
646 2485 804 2525 πένθους.
819 2484 949 2536 Synes.
965 2486 1033 2538 Ep.
1051 2486 1123 2533 lv,
1138 2500 1172 2538 p.
1192 2499 1265 2538 159
1277 2486 1329 2525 D.
1340 2485 1396 2525 νῦν
1408 2489 1496 2537 πρὸς
1509 2483 1648 2537 ἑρῆμοις
1660 2486 1704 2524 οἱ·

452 2539 564 2583 κτοιῑς
576 2540 772 2581 συναυλίαν
785 2539 1036 2593 ὂλοφυρόμεθα.
1050 2539 1266 2583 praeiverat
1276 2541 1317 2579 iis
1324 2539 1516 2593 Aristoph.
1528 2539 1652 2593 Equit.
1665 2552 1705 2579 v.
