1748 3420
394 218 486 277 κὴ
586 173 1462 259 ANNOTATiouES

448 303 538 353 Pag.
564 314 625 352 39.
653 299 678 338 l.
703 312 735 338 1.
758 296 995 350 Φαρμακέιι)
1019 297 1296 349 Interpretatus
1320 298 1401 338 sum
1429 298 1474 338 ad
1504 297 1659 340 Petron:

394 357 582 395 Pharmace
594 353 773 404 responde:
794 350 843 390 fic
859 358 902 390 Θ.
917 355 974 401 Κρ.
989 364 1021 390 c.
1041 351 1287 390 10.B0URD.

450 409 522 446 ead.
537 407 560 446 l.
579 421 612 445 2.
635 405 1011 458 Προκιιταικλίνεσὲςαί
1033 404 1135 457 μου)
1154 404 1344 458 Interpres
1363 405 1495 452 habet,
1515 405 1658 458 priorem

396 462 605 506 accumbere,
625 459 731 512 quasi
747 461 794 499 ad
809 471 960 512 tempus
982 459 1178 498 referatur.
1200 459 1333 498 Malim
1346 460 1395 498 de
1410 460 1502 499 loco
1521 459 1663 499 intelli-

397 528 507 567 gere,
530 515 571 555 &
588 525 741 554 vertere
754 544 766 562 ‚
783 513 894 565 supra
916 528 964 551 me
984 513 1182 551 accumbere.
1202 511 1334 552 Postea
1359 512 1457 552 idem
1478 514 1663 566 interpres

394 569 517 613 ,vertit
528 597 539 615 ‚
554 569 665 622 prioge
676 569 748 607 loco
760 567 970 607 accumbere:
986 566 1183 605 dicendum
1200 565 1270 605 fuit
1281 596 1294 612 ‚
1306 565 1488 618 superiore.
1504 566 1630 606 CLER.

451 625 525 661 ead.
544 625 568 663 l.
582 638 618 671 4.
634 621 680 659 ‘Q
703 620 950 673 ἐμβρόντητε)
976 620 1158 659 Acumen
1185 620 1296 659 babet
1319 620 1462 673 duplex
1481 619 1665 660 vocabuli

396 675 567 730 potestas
582 675 776 715 involuta:
796 675 899 720 vide,
911 686 1012 726 quae
1026 674 1247 712 notavimus
1259 674 1304 712 ad
1318 674 1420 713 Tim.
1438 673 1453 722 §
1472 686 1503 711 1.
1517 673 1665 713 Aescu-

396 731 522 783 lapius
544 741 701 770 naturae
724 729 825 782 leges
845 728 1032 774 violavit,
1055 738 1171 779 atque
1194 728 1289 766 adeo
1305 726 1395 766 fecit
1416 728 1444 766 ἃ
1462 726 1516 775 μὴ
1540 726 1669 777 θέμις,

395 785 554 837 quando
574 795 748 823 mortuos
771 785 807 822 in
826 782 946 822 vitam
965 781 1191 820 revocabat.
1214 781 1352 833 Ingens
1379 780 1607 820 beneficium
1627 781 1666 820 in

398 851 501 890 quos
523 837 639 878 fuerit
654 838 856 884 collatum,
876 848 964 874 nam
981 836 1041 874 alii
1054 847 1230 874 veterum
1252 836 1346 874 alios
1366 835 1586 880 ediderunt,
1609 847 1668 874 re-

400 892 476 932 fert
492 892 676 944 Apollod.
694 892 773 939 Ill,
795 903 880 944 pag.
898 904 988 942 213,
1010 890 1051 928 δι
1071 889 1200 928 Schol.
1221 889 1391 941 Euripid.
1409 889 1454 927 ad
1467 889 1552 928 Alc.
1565 902 1606 928 v.
1621 902 1669 937 23

400 959 450 985 ex
462 960 542 999 quo
556 946 723 985 maculas
741 945 887 997 aliquot
903 943 1058 982 eruditis
1077 943 1171 982 viris
1185 943 1248 982 vel
1263 944 1454 996 ignoratas
1466 972 1476 988 ‚
1498 941 1560 981 vel
1575 954 1670 982 con-

402 1011 557 1045 temtus,
569 1000 696 1039 eluere
712 1012 794 1038 non
808 998 855 1037 ab
867 1010 908 1037 re
923 996 1033 1036 fuerit
1045 1013 1053 1037 :
1066 998 1165 1050 apud
1177 1010 1264 1036 eum
1280 1009 1373 1050 ergo
1384 995 1502 1039 scribe
1517 996 1670 1036 ἀνέστη-

403 1069 447 1093 σε
462 1085 476 1100 ,
499 1067 571 1106 pro
598 1054 733 1092 ἀνέστη
747 1083 756 1098 ,
775 1052 862 1092 τοὺς
885 1051 1058 1090 Φινείδας
1077 1064 1149 1103 pro
1172 1054 1246 1090 τὰς
1266 1064 1439 1102 <pomo-ff,
1453 1061 1543 1098 aut,
1562 1050 1669 1104 quod

403 1121 524 1160 prave
537 1107 708 1160 reposuit
722 1105 945 1153 Barnefius,
959 1108 1035 1144 ’τὰς
1057 1106 1261 1145 Φοινίσσαις
1281 1107 1354 1144 τὰς
1375 1104 1528 1157 Προίτου
1543 1108 1671 1158 θυγα-

402 1164 512 1213 τέρας
528 1174 598 1213 pro
612 1163 684 1201 τὰς
697 1162 837 1213 Κροίσου
850 1161 879 1200 Θ.
892 1172 987 1213 quas
1001 1159 1287 1199 emendationes
1301 1157 1410 1198 facile
1429 1157 1684 1211 praestabunt*

403 1216 506 1255 Sext.
523 1216 669 1268 Empir.
685 1216 772 1254 adv.
791 1214 966 1255 Gramm.
980 1213 1020 1259 1,
1037 1228 1072 1266 p.
1089 1227 1179 1263 271,
1193 1214 1236 1253 δι
1249 1212 1376 1252 Scliol.
1395 1211 1542 1251 Pindar.
1561 1212 1607 1252 ad
1623 1217 1672 1251 Π.

405 1274 445 1317 Γ,
462 1269 525 1322 96.
542 1269 644 1309 Inter
660 1269 730 1308 hos
744 1268 978 1320 Tyndareus
993 1279 1283 1314 annumeratur,
1304 1266 1462 1306 auetore
1481 1264 1643 1318 Panyasi
1660 1277 1671 1305 :

405 1325 512 1375 quod
529 1336 620 1363 cum
636 1324 837 1362 Schottum
850 1322 1093 1376 praeteriret,
1115 1321 1212 1360 male
1227 1320 1398 1360 versatus
1412 1319 1485 1359 fuit
1499 1320 1535 1358 in
1553 1320 1674 1372 expli·

405 1379 531 1417 cando
549 1377 725 1417 Zenobio
737 1375 782 1416 C.
798 1376 832 1425 1,
850 1389 886 1416 n.
909 1389 973 1426 47.
985 1376 1087 1415 Vide
1103 1375 1255 1414 Suidam
1273 1376 1311 1413 in
1329 1372 1545 1419 Ἀναζὲιῶναι
1560 1373 1602 1412 &
1615 1373 1677 1413 Α’ί.

403 1447 542 1471 awo-roc.
559 1431 778 1484 Aesculapii
797 1443 958 1470 munere
977 1429 1205 1469 noviflimus
1218 1428 1461 1482 Hippolytus
1474 1429 1511 1466 in
1525 1427 1676 1468 Dianae

405 1487 567 1539 gratiam
582 1486 744 1526 revixit:
766 1485 871 1538 quod
890 1485 1135 1524 temerarium
1151 1482 1300 1522 facinus
1315 1494 1391 1521 tam
1415 1482 1565 1534 indigne
1587 1482 1677 1521 tulit

406 1541 593 1594 luppiter,
607 1540 786 1580 Deorum
801 1540 969 1580 honores
987 1538 1191 1592 stupendae
1212 1538 1305 1577 artis
1322 1536 1514 1576 miraculo
1533 1534 1677 1576 labefa-

406 1596 550 1635 &atum
565 1595 610 1633 iri
627 1606 801 1634 metuens
812 1625 821 1642 ,
840 1605 882 1633 ut
895 1591 1051 1632 fulmine
1065 1592 1300 1632 vindicaret:
1317 1603 1444 1642 neque
1457 1601 1585 1629 tamen
1596 1602 1679 1629 non

406 1649 510 1688 haud
526 1650 589 1688 diu
604 1648 688 1702 post
706 1648 878 1700 placatus
891 1678 901 1695 ‚
925 1647 1173 1700 Apollinique
1188 1645 1404 1699 deprecanti
1422 1645 1517 1683 iram
1532 1644 1679 1684 donans

404 1712 604 1754 nepotem,
624 1703 795 1755 ringente
815 1702 902 1741 licet
916 1700 1070 1747 Momo,
1089 1699 1117 1739 si
1130 1701 1303 1740 Luciano
1317 1698 1524 1744 credimus,
1538 1698 1576 1737 in
1594 1710 1682 1738 coe-

407 1756 556 1797 lestium
571 1757 743 1797 ordinem
765 1757 928 1810 recepit,
948 1755 1066 1808 inque
1084 1753 1191 1794 astris
1204 1786 1217 1802 ,
1239 1765 1473 1806 quamquam
1497 1752 1573 1792 hoc
1589 1753 1680 1805 qui-

408 1811 494 1851 dem
521 1812 622 1850 inter
645 1810 904 1851 Astronomos
920 1822 1001 1848 non
1023 1809 1137 1862 plane
1159 1808 1328 1856 constet,
1346 1801 1598 1859 Ophiuchum
1614 1805 1679 1845 vel

405 1865 740 1918 Anguitenentem
759 1863 832 1904 effe
848 1863 959 1903 iuflit.
976 1862 1162 1903 Eratosth.
1185 1861 1325 1902 Catast.
1343 1874 1375 1901 c.
1393 1860 1460 1899 VI.
1480 1873 1598 1912 quem
1620 1860 1681 1900 lo-

409 1933 498 1958 cum
513 1920 664 1958 videtur
677 1917 880 1970 designaffe
895 1918 1045 1970 Hygin.
1059 1918 1099 1956 in
1111 1917 1219 1956 Poet.
1234 1915 1406 1963 Astr.11‚
1426 1926 1511 1968 cap.
1530 1915 1682 1964 14.Ve-

409 1987 495 2013 rum
510 1972 590 2013 sive
606 1973 824 2012 Heraclitus
839 1973 974 2025 aliquis
986 2003 996 2020 ,
1017 1970 1096 2010 five
1110 1970 1296 2024 quispiam
1316 1969 1414 2008 alius
1432 1968 1477 2007 de
1494 1967 1682 2009 Incredib.

409 2040 444 2067 c.
465 2028 539 2074 26,
562 2026 778 2067 fabulosum
797 2027 888 2065 illud
908 2025 1052 2065 fulmen
1071 2024 1177 2064 Iovis
1190 2054 1200 2072 ‚
1219 2037 1300 2077 quo
1325 2022 1580 2075 conflagravit
1601 2022 1682 2062 Ae-

410 2081 600 2135 sculapius
611 2111 621 2126 ,
643 2080 864 2121 febriculam
881 2081 1163 2133 interpretatur,
1178 2092 1293 2131 quam
1310 2076 1448 2116 scilicet
1462 2087 1591 2116 tantus
1605 2089 1685 2116 me-

411 2136 517 2175 dicus
536 2135 724 2188 depellere
750 2147 831 2174 non
855 2135 1040 2187 potuerit:
1066 2133 1230 2186 ἰατρικὴν
1250 2129 1398 2172 νικήσας
1422 2131 1491 2169 καὶ
1517 2127 1684 2180 baldeae

411 2188 530 2228 αὐτὸς
542 2188 615 2229 ὑπὸ
629 2187 791 2241 πυρετοῦ
802 2188 989 2241 φλεχθεὶς
1002 2188 1131 2226 amm.
1145 2187 1254 2238 Quid
1264 2184 1494 2239 speclaverit
1503 2184 1685 2232 Allatius,

411 2243 504 2283 illud
518 2243 687 2295 ἰατρικὴν
709 2242 865 2283 νικήσεις
884 2253 1039 2282 vertens
1050 2243 1198 2280 celebrem
1210 2243 1245 2279 in
1257 2241 1421 2279 medicina
1432 2269 1446 2286 ‚
1459 2238 1683 2291 neutiquam

414 2297 613 2360 ass'equor:
636 2298 728 2337 mihi
751 2298 910 2336 dubium
924 2309 1005 2336 non
1023 2295 1095 2342 est,
1117 2296 1212 2348 quin
1228 2294 1337 2333 scribi
1360 2293 1496 2333 debeat
1518 2291 1686 2344 ἰατρικὴν

414 2352 604 2392 &oximae-
619 2364 662 2390 ut
673 2353 709 2390 in
723 2351 903 2404 Apollod.
920 2350 1019 2390 Bibl.
1031 2349 1105 2397 111,
1122 2364 1157 2403 p.
1171 2363 1192 2388 2
1202 2363 1261 2402 13,
1275 2349 1340 2387 ‘rim
1351 2349 1495 2399 τέχνην
1507 2346 1686 2387 ἀσκήσας

416 2405 480 2445 ἐπὶ
495 2407 604 2445 πολύ.
621 2420 657 2458 p.
672 2419 763 2455 227,
777 2404 944 2444 Oenone
960 2404 1128 2456 ἰατρικὴν
1145 2404 1209 2442 καὶ
1221 2401 1401 2453 μουσικὴν
1417 2400 1537 2454 (forte
1550 2414 1687 2450 μαντι-

416 2461 499 2510 κὴν)
510 2458 627 2500 ἤσκει.
640 2460 738 2499 Mox
750 2457 874 2499 οὐκοῦν
889 2458 1051 2499 Graevii
1064 2457 1092 2496 s1
1106 2456 1230 2497 fuerat
1245 2469 1267 2495 a
1279 2455 1439 2496 vetustis
1453 2454 1687 2494 membranis

417 2527 483 2555 aut
498 2514 729 2555 editionibus
750 2514 926 2553 traditum
940 2544 950 2563 ,
972 2512 1065 2552 nihil
1083 2512 1185 2552 aliud
1206 2512 1338 2565 utique
1356 2506 1684 2550 defideraffemus:
