1748 3420
438 241 529 288 270
634 220 1510 270 ANNOTATIONES

430 324 558 352 autem
583 311 694 364 plane
717 310 858 360 facilis;
878 325 965 351 nam
989 312 1098 351 litera
1119 312 1259 364 liquida
1284 325 1364 353 non
1388 313 1580 366 geminata
1595 314 1709 355 κολά-

430 368 516 410 ζὲους
527 378 689 406 exarare
703 367 824 406 moris
842 378 924 405 erat
937 396 950 412 ‚
964 377 1008 405 ut
1026 365 1126 419 apud
1138 366 1283 406 Thom.
1302 366 1451 419 Magist.
1467 367 1507 406 in
1521 367 1707 409 Κὸλοσνοις·

429 419 530 459 unde
543 420 597 459 ob
611 418 890 460 similitudinem
907 421 931 466 β
947 420 987 459 &
1001 434 1055 470 μ,
1071 419 1289 472 praesertim
1304 421 1341 459 in
1365 420 1599 460 membranis
1612 423 1710 462 anti-

430 474 521 525 quis
537 503 549 519 ,
567 486 687 527 quam
710 474 878 527 proclivi
892 475 959 512 via
976 474 1144 526 potuerit
1162 474 1254 513 oriri
1278 475 1493 525 κοιλόιμους,
1511 475 1552 513 in
1571 487 1709 527 aperto

432 526 486 565 est
501 526 680 580 positum.
692 529 845 568 Verum
861 527 933 574 est,
956 528 1170 566 Lucianum
1185 536 1232 566 Δ.
1243 527 1307 567 Ἐν.
1324 533 1350 574 Ι,
1366 528 1450 567 Ιον.
1465 528 1583 581 Trag.
1600 530 1616 578 §
1637 542 1709 579 10,

432 581 521 620 adv,
537 581 685 623 Indo&
702 582 718 632 §
740 595 803 628 ιο,
819 581 1018 621 κολλόποις
1033 580 1229 634 usurpare,
1243 582 1349 634 quod
1363 581 1542 634 equidem
1558 583 1606 621 ad
1621 595 1710 623 nor-

431 648 534 674 mam
558 635 726 676 Atticam
743 635 862 688 magis
879 647 1096 688 congruere
1116 647 1196 674 non
1211 635 1398 674 diffiteor:
1412 634 1464 674 fic
1479 636 1582 674 enim
1597 649 1708 689 prae-

376 696 379 699 '
433 690 528 742 cipit
543 689 754 741 Phrynich.
769 704 804 743 p.
823 703 870 742 32
884 719 896 735 ,
919 689 1131 733 Κολλάβους
1152 687 1236 727 τοὺς
1250 689 1285 728 ἐν
1300 687 1349 738 τῇ
1364 689 1456 753 λύΓᾳ.
1471 689 1584 740 εἰμὲν
1597 688 1706 733 ἄλλη

431 743 639 783 διάλεκτος
653 744 777 796 λέγει,
793 741 830 783 οὗ
846 743 991 795 φροντὶς
1004 741 1262 791 Ἱπποκλείέῃ·
1279 741 1326 782 σὺ
1339 741 1384 782 st
1398 757 1446 782 ως
1456 742 1636 784 Ἀθηναῖος
1649 745 1710 784 λε’-

430 811 487 849 γε
501 796 715 837 κόλλοπας·
738 796 799 837 sed
812 797 906 836 nihil
919 795 1068 843 obstat,
1091 809 1172 849 quo
1194 797 1319 835 minus
1339 797 1387 835 ab
1401 809 1447 835 ea
1461 796 1566 849 lege,
1586 811 1707 850 quam

431 851 542 904 saepe
557 852 699 891 iudicio
713 864 791 891 non
807 851 966 891 levitate
982 851 1187 903 migravit,
1206 851 1247 889 in
1261 850 1335 890 hoc
1347 850 1462 895 etiam
1484 851 1575 890 loco
1586 851 1708 892 reces-

431 904 520 945 serit
540 906 755 953 Lucianus;
774 905 946 959 inprimis
967 905 1156 957 quoniam
1178 904 1241 943 illa
1267 914 1418 950 aetate,
1439 917 1517 957 qua
1540 903 1709 958 scripsit,

430 960 550 1012 longe
568 958 810 1013 frequentior
826 970 909 998 erat
928 957 1020 1002 usus
1032 958 1107 998 τῶν
1129 957 1340 1005 κολλάβων,
1357 971 1473 1011 quam
1499 959 1708 1000 κολλόπων.

432 1015 526 1054 Hoc
541 1013 605 1052 vel
619 1026 668 1053 ex
681 1012 762 1066 ipso
775 1013 998 1064 Phrynicho
1016 1011 1253 1051 manifestum
1271 1012 1337 1059 est,
1357 1013 1423 1064 qui
1437 1011 1634 1064 vulgatam
1644 1014 1709 1054 de·

433 1068 590 1107 terioris
606 1067 789 1106 vocabuli
803 1066 1123 1106 consuetudinem
1136 1066 1316 1119 castigare
1329 1064 1475 1106 neceffe
1489 1066 1644 1113 babuit,
1664 1068 1710 1108 δι

432 1121 479 1160 ad
504 1122 647 1160 veteris
665 1120 852 1161 Atticismi
879 1120 1110 1174 praescripta
1131 1133 1337 1160 revocare:
1365 1121 1404 1159 in
1431 1120 1596 1173 antiquis
1618 1119 1707 1162 sane

431 1175 684 1227 scriptoribus
700 1177 767 1214 vix
781 1188 954 1227 unquam
971 1175 1078 1214 aliter
1093 1176 1287 1222 invenias,
1308 1186 1352 1213 ac
1372 1173 1576 1213 κολλὸτοις·
1595 1173 1708 1223 Plato

431 1229 479 1268 de
494 1229 594 1282 Rep.
606 1228 681 1268 Vss
694 1260 705 1276 ‚
725 1242 810 1282 pag.
822 1243 897 1282 703
915 1230 960 1268 B.
976 1228 1060 1268 τοὺς
1073 1228 1162 1268 ταῖς
1177 1228 1340 1282 χορδαῖς
1363 1228 1591 1282 πράγματα
1605 1243 1709 1281 παρ-

434 1283 606 1334 έχοντας
629 1282 692 1322 καὶ
714 1283 989 1335 βασανίζοντας
1016 1283 1079 1322 ἐπὶ
1103 1282 1176 1321 τῶν
1199 1283 1392 1322 κολλόπων
1416 1281 1705 1333 στρεβλοῦντας·

431 1339 544 1390 plura
558 1336 715 1389 collegit
729 1337 895 1377 eximius
908 1337 969 1376 ille
984 1337 1205 1389 Leopardus
1222 1336 1379 1376 Emend.
1401 1336 1498 1376 XIX
1511 1367 1523 1385 ‚
1545 1348 1628 1389 cap.
1647 1338 1708 1378 16.

431 1390 495 1431 sed
508 1391 693 1436 κόλλαβος
708 1402 852 1437 tamen,
868 1404 917 1430 ex
928 1404 1162 1444 quacunque
1176 1390 1337 1430 dialeew
1353 1391 1391 1429 in
1405 1389 1513 1430 usum
1529 1403 1708 1430 commu-

433 1459 522 1485 nem
538 1445 711 1492 venerit,
730 1456 846 1484 notae
860 1444 934 1484 esse
948 1444 1032 1484 satis
1046 1445 1239 1493 vetustae,
1259 1457 1340 1484 non
1357 1457 1481 1497 pauca
1502 1444 1587 1483 sunt
1611 1445 1708 1484 indi-

432 1501 513 1540 cio:
534 1499 686 1539 aliunde
701 1500 856 1553 quidem
871 1499 1056 1539 deducere
1076 1512 1156 1539 non
1177 1499 1265 1539 licet
1281 1499 1446 1538 verbum
1468 1499 1560 1538 illud
1573 1499 1611 1537 in
1625 1499 1706 1538 He·-

431 1553 571 1605 sychio
587 1553 803 1594 comicum:
823 1553 1199 1602 Ἐκκολλοιβίισοιντοι,
1217 1553 1448 1599 eumuna,
1470 1550 1706 1603 ἐκφρονῇσοιν-

433 1623 496 1648 τοι,
511 1608 764 1649 Grammatici
777 1621 938 1662 quoque
951 1608 1176 1655 κολλάβους,
1190 1607 1385 1661 quoddam
1398 1606 1452 1646 est
1464 1607 1571 1660 panis
1585 1619 1706 1660 genus

432 1664 482 1701 ab
499 1661 757 1714 Aristophane
780 1661 938 1715 aliisque
956 1673 1239 1709 memoratum,
1258 1663 1305 1701 ab
1328 1662 1467 1701 horum
1493 1661 1706 1701 verticillo-

433 1730 522 1756 rum
545 1716 791 1756 similitudine
816 1716 939 1756 όίξῒος
955 1717 1116 1756 volunt:
1137 1717 1211 1756 vid.
1235 1716 1362 1756 Schol.
1378 1716 1424 1756 ad
1447 1715 1549 1756 Ran.
1564 1729 1603 1754 v.
1619 1728 1706 1767 510.

433 1771 489 1810 At
504 1772 543 1810 in
556 1771 835 1811 recentioribus
846 1800 856 1817 ,
879 1771 1025 1824 quique
1041 1771 1197 1810 Luciani
1211 1770 1325 1810 aetati
1340 1768 1497 1810 fuerunt
1510 1769 1706 1822 suppares,

433 1825 509 1865 iam
527 1825 619 1864 nihil
636 1824 688 1863 est
703 1824 774 1865 isto
796 1825 997 1865 vocabulo
1019 1826 1152 1864 tritius.
1168 1824 1361 1864 Iamblich.
1379 1825 1425 1864 de
1437 1825 1488 1865 V.
1511 1823 1548 1863 P.
1571 1824 1586 1873 §
1609 1837 1625 1862 1
1639 1823 1705 1871 18,

432 1879 500 1919 τὴν
515 1878 560 1918 Σὲ
574 1879 694 1918 πόσην
708 1879 888 1919 ἐπίτασιν
904 1878 1106 1932 &veens-year
1124 1879 1201 1919 τοῖς
1225 1878 1355 1929 βάρεσι
1376 1879 1430 1918 εἰς
1445 1878 1514 1919 τὴν
1532 1877 1605 1918 τῶν
1619 1890 1706 1918 κολ-

435 1932 559 1978 λάβων
576 1934 706 1972 ἄνωθεν
724 1934 933 1984 σύμμετρον
951 1933 1311 1986 περιστροφήνὴεεε
1328 1933 1367 1972 in
1382 1931 1622 1973 Nicomacho
1642 1942 1706 1972 to-

433 1988 547 2027 tidem
564 1988 693 2027 verbis
707 1987 851 2027 exstare
865 2002 900 2041 p.
921 2002 982 2039 13,
997 1989 1148 2027 monuit
1166 1987 1372 2027 Kusterus:
1395 1987 1522 2027 Schol.
1539 1986 1705 2026 Homeri

434 2055 580 2094 parvus
593 2042 639 2081 ad
661 2042 702 2081 11.
723 2042 762 2089 Ι,
788 2041 875 2093 187,
897 2043 943 2080 ab
958 2054 1085 2095 eoque
1107 2054 1155 2081 ne
1178 2042 1286 2082 litera
1309 2041 1464 2095 quidem
1485 2040 1705 2094 discrepans

434 2096 609 2147 Etymol.
629 2097 667 2135 in
683 2095 816 2150 Zia-ybs·
832 2096 1012 2136 Athanas.
1028 2097 1065 2135 in
1086 2095 1215 2135 Psalm.
1229 2110 1266 2149 p.
1285 2109 1398 2144 1241,
1413 2096 1501 2143 ubi,
1524 2095 1642 2148 quale
1658 2093 1705 2134 sit

435 2149 659 2202 ψαλτήριον,
672 2151 853 2204 exponit:
873 2149 971 2190 δέκα
986 2153 1064 2204 Ἰὰς
1079 2151 1262 2195 achmetem
1273 2180 1285 2199 ‚
1301 2150 1422 2190 εἷτουν
1436 2149 1703 2190 vaco-&Monoi

435 2206 544 2257 παρὰ,
557 2207 622 2245 τον
638 2203 773 2257 ’,πῆχυν
785 2202 853 2244 τοῦ
863 2204 1073 2257 ’ψαλτηρίου
1086 2205 1318 2256 στρεφόμενοι
1333 2202 1463 2244 ἔτεινὸν
1478 2218 1524 2243 τε
1537 2203 1602 2244 τὴν
1613 2216 1704 2256 χορ·

433 2257 502 2298 ἑὴν
524 2259 591 2297 καὶ
618 2259 782 2312 ἐχάλων·
805 2272 906 2311 quae
930 2272 1050 2310 paene
1075 2260 1206 2298 eadem
1237 2259 1418 2311 leguntur
1437 2259 1475 2298 in
1498 2257 1704 2310 Euthymii

434 2314 638 2366 Zygabeni
651 2312 768 2352 Praef.
784 2314 829 2352 ad
844 2312 977 2352 Psaim.
993 2327 1028 2365 p.
1051 2312 1136 2363 185,
1153 2314 1194 2353 &
1217 2312 1318 2365 apud
1334 2312 1462 2365 plures
1473 2312 1578 2352 alios.
1593 2311 1702 2352 Olim

433 2378 564 2407 autem
588 2367 752 2421 paxillos
774 2366 887 2406 hosce
901 2366 1006 2407 fuisse
1020 2366 1220 2407 confestos
1237 2367 1284 2407 de
1298 2367 1409 2407 corio
1421 2366 1567 2407 calloso
1578 2365 1619 2405 &
1632 2365 1703 2405 du-

434 2433 549 2470 rato,
567 2420 596 2461 si
619 2421 712 2474 quid
734 2422 897 2461 omnino
919 2421 1193 2462 Grammaticis
1216 2420 1269 2461 est
1284 2421 1536 2467 credendum,
1558 2419 1701 2474 ambigi

434 2489 515 2516 non
537 2474 683 2529 potest:
701 2476 778 2515 vid.
799 2475 972 2527 Hesych.
994 2476 1032 2515 in
1053 2475 1324 2515 Ἐκολλὸπωσε
1337 2473 1558 2527 Κεράσβο>.οι
1577 2486 1700 2514 voca·

433 2530 588 2580 bantur,
606 2542 651 2570 ut
665 2530 763 2570 idem
786 2530 922 2577 docet,
943 2529 971 2570 οἱ
989 2531 1022 2571 ἐν
1039 2529 1123 2570 ταῖς
1151 2530 1342 2583 ἀρχαίαις
1362 2529 1488 2582 λύραις
1501 2529 1699 2576 κόλλαβον
