1748 3420
426 251 521 310 2ss
613 242 1499 294 ANNOTATIONES

429 334 499 384 198
517 342 650 371 monet
662 360 673 377 ,
697 330 734 370 15
741 331 792 370 εῖν
806 331 843 370 in
862 331 998 371 Attico
1016 329 1194 370 sermone
1213 332 1262 371 de
1277 333 1477 386 congressu
1495 333 1557 373 vel
1573 334 1696 376 collo-⁴

423 388 518 438 quio
540 386 636 433 dici,
657 386 766 425 cuius
784 384 1068 437 significationis
1091 384 1424 427 manifestiffimum
1445 387 1488 426 sit
1504 388 1581 427 hoc
1601 389 1697 430 loco

424 439 666 491 exemplum:
687 439 739 477 ibi
753 440 858 478 enim
873 439 964 478 illud
979 438 1089 478 verbi
1102 437 1194 477 ἰδεῖν
1210 439 1460 491 significatum
1477 442 1553 480 alio
1569 443 1696 482 verbo

425 493 588 545 exponi,
604 493 644 532 &
661 489 726 530 σύν,
740 492 784 530 ἂν
801 491 898 532 ism
913 494 1030 531 ath-thir
1050 493 1148 531 idem
1161 491 1247 540 esse,
1263 495 1367 546 quod
1382 490 1446 533 οὐκ
1461 495 1506 534 ἂν
1520 495 1696 549 ἐντύχοις

422 542 540 594 αὐτῷ.
569 547 610 584 ln
632 545 701 586 usu
728 546 842 585 huius
865 545 1059 598 potestatis
1080 545 1216 585 Atticis
1239 547 1445 587 tribuendo
1467 547 1616 588 securus
1638 549 1695 589 est

423 599 660 640 Scholiasten
675 600 860 650 Thucyd.
875 600 921 638 ad
936 599 1007 645 lv,
1024 614 1036 638 1
1047 612 1108 651 25.
1125 612 1261 638 verum
1275 599 1530 641 Grammatici
1541 614 1694 643 veteres

422 654 535 693 nimis
548 653 659 706 saepe
674 654 877 692 liberaliter
890 654 1026 693 Atticis
1042 664 1221 705 tanquam
1238 655 1391 707 propria
1407 656 1570 704 donant,
1588 669 1694 709 quae

420 721 490 760 per
513 708 699 747 rationem
726 707 910 759 loquendi
936 707 1147 746 naturalem
1172 719 1249 745 non
1274 707 1518 748 Graecorum
1541 720 1692 750 tantum

421 762 595 800 omnium
626 761 712 800 sunt
735 761 981 806 communia,
1006 761 1067 800 sed
1089 773 1210 812 aeque
1234 761 1269 798 in
1294 762 1463 813 qualibet
1483 763 1600 802 etiam
1621 764 1695 803 lin-

421 827 496 867 gua
511 813 662 867 possunt
675 813 859 866 usurpari.
872 814 980 852 Istius
995 815 1141 867 generis
1156 814 1207 853 est
1220 814 1282 852 illa
1294 815 1352 853 vis
1364 814 1431 853 τοῦ
1449 816 1551 855 ι’ἓεῑν·
1565 829 1695 870 neque

421 870 525 908 enim
542 869 649 908 aliter
673 881 737 908 aut
759 868 884 908 Latini
900 867 1011 906 suum
1028 869 1134 907 videre
1147 898 1160 913 ,
1180 878 1247 906 aut
1262 880 1332 907 nos
1352 869 1492 921 Belgae
1504 883 1694 911 vernacu-

420 922 501 962 lum
526 922 692 962 eiusdem
715 921 912 976 potestatis
938 921 1102 960 verbum
1126 934 1270 974 ponere
1291 920 1471 963 solemus.
1490 924 1582 963 Vid.
1602 924 1694 969 Dus

420 976 556 1017 kerum
571 977 616 1016 ad
628 977 869 1028 Thucydidis
881 975 1027 1015 locum.
1042 976 1208 1014 Hmsr.

476 1032 568 1082 Pag.
585 1045 646 1084 29.
662 1032 684 1069 l.
698 1032 733 1069 8.
750 1026 904 1082 Οὐκοῦν)
920 1029 970 1068 G.
984 1029 1162 1069 Budaeus
1177 1028 1222 1067 C.
1238 1028 1279 1067 L.
1294 1028 1345 1069 G.
1365 1043 1400 1082 p.
1419 1028 1496 1083 908
1508 1060 1522 1076 ,
1539 1043 1628 1070 cum
1651 1031 1694 1074 in

419 1083 496 1123 hoc
516 1084 607 1123 loco
629 1085 781 1136 prolato
796 1081 1012 1136 scripsiffet‚
1032 1083 1153 1122 οὔκουν
1169 1084 1267 1121 ἐλελ.
1280 1083 1402 1122 addit:
1425 1085 1538 1123 Sedin
1553 1086 1697 1139 hocpo-

413 1139 546 1190 fleriore
562 1133 686 1176 0237.on
701 1139 782 1178 milii
797 1139 965 1189 legendum
978 1137 1110 1175 videtur
1131 1138 1434 1189 περισπωμένως.
1454 1138 1511 1177 Ita
1529 1138 1616 1180 sane
1637 1140 1693 1185 leq

418 1192 522 1245 gitur
537 1192 573 1230 in
588 1191 758 1239 cunCtis‚
777 1203 872 1244 quas
884 1191 985 1240 vidi,
1009 1191 1090 1229 edd.
1106 1191 1272 1230 Hmsr.

471 1247 544 1283 ead.
566 1246 588 1283 l.
606 1259 642 1297 9.
655 1244 962 1297 Ἐπεσίιμειινεν)
985 1245 1101 1291 Hoc,
1127 1257 1175 1283 an
1198 1242 1435 1294 ἐπέσίνμῃνεν,
1452 1245 1581 1298 legas,
1598 1246 1692 1287 nihil
1747 1268 1748 1279 i

418 1298 573 1338 interest
591 1315 599 1338 :
624 1301 765 1340 certius
789 1300 943 1339 videtur
962 1299 1227 1351 reponendum
1248 1297 1322 1338 esse
1337 1294 1454 1339 αὐτοῦ
1476 1296 1496 1340 ἦ
1518 1298 1691 1354 γαστήρ.
1746 1300 1748 1309 ⁴

416 1353 584 1393 Hfflsr.
819 1366 823 1371 ·

472 1410 545 1446 ead.
563 1408 586 1445 I.
608 1420 664 1460 ¹3·
677 1406 834 1447 Τοκάὲιι
849 1405 915 1446 τὴν
934 1405 1099 1455 κεφαλὴν
1112 1405 1128 1460 )
1142 1406 1320 1446 Ridicule
1339 1418 1480 1446 vocem
1495 1407 1694 1460 poeticam.

415 1459 630 1513 usurpavit.
650 1464 771 1501 Τοκὲις
800 1462 892 1502 κόνις
913 1462 1015 1513 apud
1036 1461 1232 1513 Lycophr.
1256 1475 1296 1500 v.
1319 1462 1418 1513 316,
1435 1462 1505 1514 qui
1527 1473 1692 1503 matrem.

414 1513 561 1568 saepius
586 1514 639 1555 fic
665 1515 853 1569 appellat,
874 1527 916 1554 ut
945 1514 1118 1554 Semelen
1141 1514 1342 1568 Euripides
1367 1536 1411 1543 -
1435 1514 1590 1555 τοκάὲοι
1612 1519 1692 1558 Τὲιν

416 1568 609 1623 Διηένοιο
630 1569 790 1621 Βάκχου
809 1569 969 1623 Hippol.
983 1583 1022 1608 v.
1039 1583 1134 1622 5593
1153 1581 1200 1608 ex
1223 1581 1304 1621 quo
1318 1569 1431 1622 plura
1444 1569 1543 1608 dedit
1557 1582 1690 1610 exem·

414 1624 476 1675 pla
498 1623 545 1661 H.
561 1622 691 1676 Steph.
712 1625 749 1663 in
769 1622 882 1664 Thes.
899 1625 1018 1663 Τοκὶις
1034 1634 1168 1664 Aecum
1182 1622 1401 1663 Theocrito
1423 1622 1506 1664 Eid.
1525 1623 1689 1676 XXVI,

418 1691 479 1716 21.
495 1677 658 1716 HEMST.

466 1734 541 1770 ead.
557 1732 580 1770 l.
600 1733 724 1780 14’Ev
739 1731 792 1781 τῷ
803 1730 935 1785 μηρῷ)
950 1730 1082 1771 Solent
1095 1730 1308 1771 Phoenices
1322 1741 1456 1771 ortum
1470 1731 1690 1786 cuiuspiam·

411 1784 460 1823 ab
476 1786 551 1825 alio
568 1787 697 1825 verbis
716 1788 952 1839 exprimere,
972 1798 1071 1838 quae
1088 1783 1226 1824 sonant
1241 1786 1324 1824 Lat.
1339 1785 1486 1838 egreffus
1500 1788 1544 1839 est
1557 1802 1602 1826 ex
1613 1788 1688 1827 eius

403 1838 549 1890 fimore:
570 1840 677 1891 quod
691 1840 844 1893 perinde
859 1838 926 1885 est,
944 1853 988 1879 ac
1002 1842 1046 1878 ab
1060 1855 1096 1878 co
1108 1842 1242 1892 genitus
1253 1841 1308 1892 cst,
1321 1839 1400 1885 vel,
1411 1841 1455 1878 ab
1467 1855 1505 1879 eo
1516 1842 1559 1894 est
1571 1842 1688 1881 oriun-

362 1906 365 1909 ·
410 1895 504 1941 άιιςζ
523 1904 565 1932 ut
580 1894 697 1946 liquet
713 1907 759 1933 ex
778 1894 876 1934 Gen.
893 1893 1047 1939 XLVI,
1068 1895 1129 1932 26.
1151 1894 1254 1933 Hinc
1275 1905 1364 1932 nata
1382 1893 1513 1934 fabula
1528 1895 1574 1934 de
1586 1895 1688 1939 Bac-¹

409 1946 487 1986 cho
500 1946 691 1986 Thebano
710 1960 731 1986 a
746 1948 843 1988 Iove
856 1959 986 1986 ortum
1004 1948 1182 1987 ducente:
1204 1946 1512 1988 circumstantiae
1524 1949 1623 1988 enim
1638 1948 1688 1993 fi<

409 1999 492 2040 &ae
518 2000 604 2040 sunt
628 2015 651 2040 a
672 2001 901 2047 Graeculis,
935 2013 979 2041 ut
1005 2002 1196 2040 rationem
1223 2001 1424 2041 redderent
1449 2001 1685 2052 locutionis,

408 2067 524 2106 quam
541 2055 780 2108 ignorabant.
803 2056 958 2095 Nomen
984 2055 1156 2095 Semelae
1177 2054 1279 2095 forte
1300 2055 1372 2095 fuit
1391 2057 1555 2105 Zemela,
1576 2057 1684 2110 quod

407 2109 566 2160 virginem
586 2111 659 2150 viro
683 2123 848 2149 maturam
868 2109 968 2162 apud
983 2109 1262 2149 Thalmudicos
1279 2108 1397 2149 sonat.
1419 2107 1547 2150 CLER.
1574 2111 1683 2153 Haec

408 2163 609 2203 tradiderat
623 2164 799 2204 Clericus
813 2164 858 2204 ad
875 2162 1037 2203 Hefiodi
1049 2163 1200 2217 Theog.
1212 2177 1251 2202 v.
1267 2176 1358 2217 940.
1370 2164 1537 2203 Htms'r.

464 2217 555 2268 Pag.
572 2231 633 2270 30.
646 2219 670 2257 l.
687 2218 723 2257 8.
741 2219 957 2258 Ζηλὸτυπος
971 2217 1062 2270 >Sic
1075 2228 1188 2257 antea
1204 2217 1407 2258 Dial.1un.
1421 2219 1460 2258 δι
1476 2218 1562 2261 Ιον.
1577 2218 1616 2259 &
1633 2219 1681 2260 de

406 2269 537 2310 Sacris.
554 2272 689 2312 Senec.
706 2273 820 2312 Herc.
835 2272 923 2311 Fur.
937 2271 1112 2312 BouRD.

462 2329 536 2364 ead.
563 2326 585 2365 l.
614 2340 672 2378 13·
687 2325 865 2379 ’ἔμβρυον
888 2325 1188 2379 ἑπταμηνιαῖον)
1215 2325 1418 2367 Consentit
1440 2325 1607 2367 Cornut.
1633 2327 1682 2369 de

405 2377 492 2418 Nat.
509 2378 560 2418 D.
581 2392 667 2432 cap.
685 2395 706 2418 2
722 2380 872 2420 ;”Ετεκε
893 2379 939 2419 δὲ
963 2380 1026 2418 καὶ
1041 2383 1103 2421 τὀν
1117 2382 1291 2421 Διόνυσον
1305 2381 1347 2420 ἐκ,
1366 2379 1435 2420 τοῦ
1456 2379 1551 2420 islov
1563 2380 1681 2434 μηροῦ

405 2431 679 2483 ἑπταμηνιαῖον
702 2437 808 2487 παρὰ
831 2433 899 2473 τῆς
925 2435 1106 2486 Σεμέλης·
1128 2434 1330 2488 pluresque
1349 2435 1423 2474 alii.
1445 2434 1682 2486 Ὀκτάμηνος

405 2486 539 2526 dicitur
553 2498 664 2527 natus
684 2488 785 2541 apud
800 2488 981 2541 Stephan.
1001 2488 1042 2527 δε
1061 2489 1162 2529 Suid.
1178 2490 1215 2528 in
1230 2488 1366 2541 Νάξος,
1381 2489 1644 2543 tributumque
1656 2502 1682 2530 a

405 2539 556 2582 Iunone
578 2542 652 2582 iam
669 2555 755 2583 cum
775 2543 926 2583 Baccho
943 2543 1186 2584 reconciliata
1201 2543 1337 2584 Naxiis
1351 2543 1594 2593 mulieribus,
1613 2555 1678 2584 eas
