1748 3420
455 240 544 286 314
642 219 1513 271 A‘NNO·TAT10NES

448 313 512 349 m
523 309 628 359 ὅψιν,
642 309 763 349 Paridi
775 308 976 362 affi-gnavit
989 323 997 349 :
1014 311 1138 363 probo
1150 310 1293 351 fastum
1307 325 1395 352 cum
1404 313 1626 354 Benedifto.
1639 315 1714 354 Ex*-

449 363 671 402 elamationi
685 364 839 416 quidem
856 364 1020 403 Veneris
1038 364 1208 404 Helenae
1227 364 1392 406 formam>
1402 368 1590 407 laudantis
1604 369 1715 408 locus

448 417 513 507 {ilic
526 416 579 455 est
593 416 740 457 nullus:
757 428 838 457 tum
852 416 963 458 scribi
975 417 1104 471 potius
1114 418 1295 458 debuerat
1304 448 1316 467 ,
1335 417 1395 460 οἳοι
1409 420 1455 461 ‘Pe'
1466 435 1526 461 τις
1536 423 1600 461 τὴν
1610 421 1715 472 ὄψιν.

491 480 614 509 EMST.

507 526 580 562 ead.
595 524 618 562 l.
633 538 668 576 9.
687 526 831 575 Γυμνέις
846 526 898 563 τόι
911 526 1042 564 πολλέι
1062 524 1129 564 καὶ
1142 525 1402 580 vocamen-mii)
1416 527 1605 568 Lucianus
1617 527 1714 567 alla·-

449 575 506 614 dit
524 577 584 616 hic
599 580 645 617 ad
658 577 822 618 instituta
836 578 1238 625 Lacedaemoniorum,
1255 580 1355 632 apud
1370 593 1469 632 quos
1485 581 1631 634 puellae
1647 594 1720 620 nur-

450 629 523 669 dae
536 644 622 670 cum
636 632 936 672 adolescentibus
952 633 1240 671 exercebantur.
1255 633 1326 672 Sed
1337 646 1429 672 cum
1440 635 1516 674 hoc
1530 635 1715 686 aLycur-

449 695 503 735 go
519 684 671 724 demum
687 685 897 724 institutum
915 685 957 724 sit
972 687 1032 724 diu
1051 686 1134 738 post
1146 686 1289 726 Troica
1309 698 1484 740 tempora
1496 717 1509 734 ‚
1526 688 1715 728 anachro-

450 737 595 777 nismus
615 739 676 778 hic
695 739 835 778 censeri
851 737 974 791 potest
995 739 1092 778 inter
1113 752 1180 788 ea,
1198 752 1299 792 quae
1317 741 1357 778 in
1379 741 1551 780 Luciano
1575 742 1716 781 merito

449 792 556 842 carpi
569 792 716 843 posfint.
729 793 910 833 Trecenti
923 793 1013 831 anni
1029 792 1185 832 fuerunt
1205 794 1405 833 minimum
1420 795 1517 834 inter
1530 794 1714 834 iudicium

449 843 592 884 Paridis
607 847 647 886 &
663 847 900 900 Lycurgum.
916 846 1041 885 CLER.

506 901 580 937 ead.
593 900 616 938 l.
633 912 690 939 10.
706 899 968 951 Παλαιστικῖι)
983 900 1070 938 Vid.
1087 899 1206 940 ovid.
1218 901 1331 948 XVI,
1347 914 1433 954 150,
1449 914 1538 953 250.
1553 901 1717 942 Sonam·

447 951 594 991 'Attulit
605 954 705 992 hunc
717 954 846 994 locum
859 954 1003 993 Thom.
1014 954 1118 1006 Mag.
1130 954 1167 992 in
1179 957 1475 1005 Παλαιστρικὶις,
1485 956 1573 1001 hoc,
1586 968 1720 1008 quam-

450 1018 569 1057 quam
594 1006 727 1046 Alexis
749 1006 955 1061 usurparit,
973 1007 1221 1060 respuendum
1235 1037 1245 1052 ,
1269 1008 1357 1047 illud
1381 1009 1624 1060 probandum
1646 1009 1718 1048 do-

451 1070 562 1098 cens:
579 1059 823 1111 Phrynichus
840 1061 1000 1113 praeivit
1016 1074 1099 1114 pag.
1120 1060 1178 1112 38.
1195 1061 1297 1100 Nihil
1312 1062 1463 1113 quidem
1477 1060 1623 1108 obstat,
1636 1075 1723 1115 quo

453 1113 582 1151 minus
597 1125 619 1151 a
633 1114 862 1166 πάλαιστρα.
880 1114 1070 1154 formetur
1090 1116 1380 1167 παλαιστρικὸς·
1401 1127 1472 1155 nec
1492 1126 1620 1155 tamen
1635 1127 1719 1154 non

453 1166 672 1205 maluerunt
692 1178 844 1208 veteres
859 1182 880 1208 a
894 1170 1118 1208 παλαιστὴς
1136 1168 1281 1221 fingere
1302 1169 1581 1209 παλαιστικός.
1597 1168 1720 1221 Diog.

453 1219 497 1257 L.
512 1219 567 1257 VI
581 1250 592 1266 ‚
612 1235 662 1269 4,
682 1221 924 1261 παλαιστικὴ
941 1222 1074 1275 τέχνη.
1088 1221 1296 1268 Pausan.1‚
1312 1236 1348 1274 p.
1363 1237 1437 1274 94,
1457 1223 1577 1262 Marc.
1594 1223 1720 1262 Anto-

451 1273 531 1311 nin.
550 1274 648 1319 VIl,
667 1274 683 1323 §
699 1276 760 1313 61.
784 1275 903 1314 Latini
919 1287 1075 1322 contra,
1093 1277 1234 1329 quippe
1251 1277 1393 1328 quibus
1407 1277 1446 1314 in
1470 1275 1537 1316 ufu
1558 1275 1634 1315 fuit
1650 1290 1718 1328 pa-

451 1326 571 1377 lae-»stra
583 1356 593 1373 ‚
614 1341 810 1380 nunquam
823 1330 972 1380 palaefla
987 1330 1050 1369 vel
1062 1331 1245 1382 palaefles:
1268 1340 1418 1382 praeter
1433 1329 1607 1369 Plautum
1620 1360 1631 1377 ,
1653 1328 1722 1369 Ci-

451 1392 635 1420 ceronem
649 1393 764 1435 atque
782 1382 875 1422 alios
898 1382 1075 1423 Prudent.
1093 1384 1176 1435 orep}
1195 1388 1308 1431 Στεφ.
1332 1383 1381 1422 Η.
1398 1383 1461 1430 Χ,
1485 1382 1581 1422 188:
1601 1383 1720 1436 palae-

446 1434 569 1486 stricus
593 1438 736 1486 ephebus
756 1436 1002 1487 Hyacinthus
1027 1438 1157 1476 Lacon
1169 1467 1182 1483 ‚
1200 1453 1293 1490 quem
1306 1466 1318 1482 ,
1336 1437 1459 1489 inquit
1472 1467 1484 1485 ,
1502 1439 1604 1490 vester
1617 1437 1719 1475 Deus

453 1483 678 1538 Effiminavit
683 1492 867 1541 gymnadis
880 1492 1023 1530 licentia.
1038 1490 1101 1529 De
1118 1492 1283 1530 Helenes
1294 1488 1415 1529 studio
1427 1489 1629 1544 palaestrae
1641 1502 1721 1530 me-

452 1542 565 1580 minit
580 1543 691 1581 etiam
709 1543 878 1597 Propert.
893 1545 947 1584 111
963 1574 972 1591 ,
995 1544 1050 1584 El.
1073 1545 1169 1593 ΧΠ,
1191 1558 1249 1596 19.
1267 1545 1430 1583 Hemsr.

506 1595 587 1634 ibid.
603 1594 712 1635 Οὕτω
726 1596 774 1639 ss,
791 1612 828 1635 τι
842 1597 1196 1650 περισπούέειστος)
1211 1597 1319 1650 Quid
1334 1598 1423 1637 illud
1445 1612 1485 1637 τι
1505 1597 1556 1637 ad
1573 1595 1722 1637 senten·

453 1648 543 1687 tiam
561 1649 755 1698 conferat,
779 1651 878 1691 haud
892 1652 978 1691 satis
995 1651 1185 1704 affequor.
1203 1652 1360 1690 som-N.
1378 1652 1450 1702 Qui
1468 1651 1639 1704 deripitur,
1659 1651 1720 1689 in-

455 1704 539 1753 quit
554 1703 579 1742 1.
597 1704 657 1743 Fr.
673 1704 905 1745 Gronovius
920 1707 966 1744 ad
978 1706 1106 1745 Senec.
1119 1706 1164 1745 de
1175 1704 1235 1744 Ira
1248 1705 1317 1752 111,
1339 1717 1421 1758 cap.
1437 1719 1501 1758 23,
1516 1704 1720 1757 περισπού-

453 1752 624 1805 δαστος,
647 1760 835 1810 ponitque
860 1759 1035 1812 deinceps
1059 1760 1161 1799 hunc
1181 1758 1301 1811 ipsum
1325 1759 1482 1799 Luciani
1506 1758 1658 1798 locum:
1680 1757 1719 1797 id

453 1810 605 1861 quidem
619 1811 743 1860 re&e;
762 1813 931 1853 Helenae
947 1826 1087 1860 tamen,
1104 1824 1148 1852 ut
1161 1813 1391 1865 virginibus»,
1401 1813 1601 1859 convenit,
1618 1824 1721 1865 quae

452 1864 780 1914 vrfpeovrofisaarot
794 1896 806 1912 ,
828 1868 982 1918 quando
1002 1867 1109 1906 multi
1131 1868 1240 1918 proci
1262 1879 1327 1905 eas
1348 1865 1547 1905 ambitiose
1566 1875 1718 1919 petunt.

453 1915 710 1957 Homericum
733 1919 807 1966 est,
824 1921 918 1970 ἀμφ’
937 1918 1035 1970 αὐτῇ
1053 1921 1090 1959 Il.
1115 1926 1154 1969 Γ,
1183 1933 1277 1972 157:
1302 1919 1426 1970 'sotiis'
1440 1920 1536 1970 ἀμφὶ
1557 1919 1720 1971 ’γυναικὶ

455 1970 572 2010 πολὺν
585 1972 712 2025 χρόνον
729 1972 860 2026 &nysae
871 1975 1066 2025 πάσχειν.
1079 1973 1123 2012 In
1139 1970 1236 2012 οὕτω
1250 1970 1297 2013 sa
1311 1987 1350 2011 τι
1366 1986 1504 2026 parum
1517 1972 1563 2012 ad
1572 1972 1720 2013 senten-

452 2024 543 2063 tiam
559 2025 708 2065 confert
727 2027 818 2066 illud
839 2043 898 2075 τι,
918 2027 977 2067 sed
999 2028 1151 2067 Atticae
1172 2040 1297 2067 tamen
1321 2027 1529 2080 elegantiae
1544 2025 1721 2066 nonnihil

452 2076 590 2118 habet:
604 2079 865 2131 pleonasmmn
879 2081 982 2120 istius
993 2082 1159 2121 voculae
1172 2082 1210 2120 in
1226 2080 1410 2120 similibus
1425 2081 1565 2134 probat
1577 2080 1627 2119 H.
1638 2079 1721 2120 Ste-

453 2132 567 2188 prhan.
592 2133 696 2187 App.
713 2135 758 2174 de
776 2134 827 2173 D.
842 2135 892 2175 A.
909 2150 945 2187 p.
961 2135 1024 2176 81.
1042 2136 1193 2175 Arrian.
1215 2135 1266 2174 H.
1289 2134 1369 2174 Ind.
1387 2147 1419 2175 c.
1437 2149 1499 2188 37,
1519 2133 1721 2181 ἀνάπωτις,

452 2183 549 2223 ου’τω
568 2201 605 2226 τι
625 2188 795 2240 καρτερῆ.
812 2190 974 2229 HEMST.

509 2243 581 2279 ead.
605 2241 629 2279 l.
649 2254 663 2279 1
675 2256 706 2281 1.
721 2240 876 2296 Ἅωρον)
891 2242 1110 2293 Ὀμφοωιίιιν.
1124 2241 1311 2282 Aristaen.
1327 2239 1429 2293 ἄωροι
1442 2242 1495 2280 τόι
1515 2242 1623 2293 παρὰ
1636 2254 1719 2280 και-

451 2295 508 2345 ρὸν
531 2295 769 2346 τρυγώμενοι.
789 2297 928 2349 Interp.
953 2296 1148 2348 Aristoph.
1170 2297 1341 2336 Acharn.
1363 2296 1441 2335 dixi
1463 2295 1565 2334 alibi.
1589 2294 1721 2335 Habes

452 2347 555 2387 hanc
568 2348 758 2389 historiam
770 2349 928 2403 Dialog.
942 2351 1060 2390 Mort.
1080 2352 1119 2390 ὅ(
1130 2350 1194 2389 lib.
1207 2352 1300 2389 Ver.
1316 2349 1409 2389 Hist.
1426 2350 1598 2389 Boukt).
1716 2360 1720 2367 “

511 2403 676 2454 Pag.71.
692 2405 714 2442 l.
732 2418 767 2457 9.
784 2405 978 2456 Βαρβαρῳ)
1000 2404 1174 2457 Phrygi:
1196 2415 1344 2443 norum.
1367 2403 1483 2442 lidem
1499 2401 1721 2446 Barbarica-

453 2455 498 2494 rii
513 2455 552 2495 δι
565 2456 806 2510 Phrygiones
823 2459 846 2496 l.
863 2472 886 2508 7
901 2458 999 2497 Cod.
1015 2458 1078 2497 De
1097 2458 1207 2511 palat.
1228 2456 1319 2497 sacr.
1342 2457 1465 2509 largit,
1478 2457 1651 2496 BOURD.
1717 2464 1721 2470 “

521 2513 594 2551 ead.
617 2513 642 2552 l.
663 2525 679 2551 1
693 2525 724 2553 1.
739 2511 898 2565 Hai‘AEe)
920 2511 1114 2553 Ministros
1141 2510 1287 2566 semper
1306 2511 1386 2552 hos
1403 2510 1551 2552 Veneri
1568 2507 1722 2564 praesto
