1748 3420
152 201 236 246 IN
282 198 721 247 DIALooos
775 200 1173 248 MARINOS.
1226 213 1321 266 393·

0 292 23 321 ¹³·
51 287 173 333 went,
190 298 316 338 neque
326 286 417 325 huic
431 287 553 326 verbo
565 286 626 326 lex
642 285 830 326 formandi
842 287 1075 338 adversetur,
1088 289 1177 329 usus
1191 300 1321 329 tamen

15 349 17 353 ’
54 338 178 392 poscit
195 340 469 378 ἀπολισθαίνοι.
495 341 659 379 HEMST.
1302 356 1305 363 ·

111 392 202 445 Pag.
221 394 305 432 126.
322 394 345 431 l.
363 407 401 441 7.
426 390 578 445 ’Ἔρωτες
596 392 642 432 δὲ
661 394 998 447 παραιπετώμενοι)
1022 395 1128 435 Haec
1144 396 1254 435 talem
1279 397 1320 435 in

11 475 14 477 Α
55 445 213 484 modum
237 457 394 498 tamque
417 447 596 500 graphice
612 446 877 486 describuntur
891 461 912 487 a
929 449 1117 495 Luciano,
1139 461 1202 494 ut,
1225 451 1319 501 quin

53 497 240 538 artificem
265 500 418 552 pi&oris
437 500 620 546 alicuius,
644 501 712 553 qui
733 499 897 539 fabulam
923 502 1100 553 Europae
1122 503 1320 541 coloribus

0 566 11 586 ··
52 551 296 604 expresserat,
312 566 469 592 manum
486 554 614 593 animo
628 552 741 593 fuerit
757 552 923 602 secutus,
937 556 1004 594 vix
1018 556 1177 594 dubitari
1190 556 1316 607 poffit.

0 618 11 637 -⁴
53 602 204 657 Magno
222 617 348 645 autem
373 606 555 646 consensu
574 607 654 646 edd.
680 610 1014 658 παρκπετώμενοι·
1037 621 1138 667 quae
1163 610 1318 662 quidem

0 687 6 698 .
54 656 237 698 scribendi
245 661 345 699 ratio
356 660 457 713 apud
469 660 562 700 alios
575 661 686 700 etiam
697 661 816 700 rarius
829 661 1102 709 invenitur‚{ed
1116 675 1313 715 nunquam

0 712 6 744 '-
53 709 147 758 fere‚
162 713 253 764 quin
262 714 326 752 vel
340 714 487 752 exarati
499 727 613 754 manu
627 714 728 759 libri,
738 715 801 753 vel
818 715 963 766 vulgati
981 715 1209 767 discrepent3
1228 728 1317 754 nam

0 781 3 804 e
53 763 172 817 longe
183 765 236 805 est
243 765 414 806 ufitatius
425 767 624 818 πετόμενος
637 780 752 820 quam
763 769 985 818 πεττόμενος,
993 769 1186 808 crs-rectinet
1200 782 1317 821 quam

0 830 4 851 ε
53 817 267 859 werdo-&au
295 821 458 859 HEMST.

57 895 64 906 ‹
106 875 178 911 ead.
192 874 214 912 l.
231 887 288 912 10.
308 873 351 912 Αἱ
368 879 450 924 Nive.
462 903 470 911 .
485 902 494 912 .
507 904 516 914 .
531 873 592 912 ἐπὶ
605 873 676 913 τῶν
689 873 816 926 aiem.)
832 874 1034 925 VSpanh.
1048 888 1134 926 229.
1150 874 1311 915 SOLAN.

50 929 177 1018 soead.
188 928 210 965 l.
226 941 240 965 1
250 942 283 966 2.
295 927 370 966 Τῶν
381 927 560 980 Τριτώνων
572 926 694 981 γένος)
709 927 898 967 Describit
912 926 1107 967 Pausanias
1120 928 1157 966 in
1168 929 1314 968 Boeot-

113 990 211 1018 LAN.

63 1062 66 1063 γ
104 1037 179 1073 ead.
191 1035 214 1072 l.
234 1047 291 1083 15.
309 1033 612 1087 Παροχουμένην)
628 1033 668 1072 Ρ.
683 1033 830 1073 &L.1n
841 1033 922 1073 aliis
935 1033 1227 1087 παροχούμενος.
1240 1035 1313 1075 Sed

50 1087 186 1126 melius
201 1088 245 1126 ad
259 1088 519 1139 Amphitriten
534 1087 710 1127 refertur.
739 1088 896 1127 SOLAN.

105 1142 194 1192 Pag.
216 1155 301 1189 127.
318 1142 340 1180 l.
356 1156 391 1189 4.
415 1140 455 1178 ‘O
471 1141 539 1189 μὲν
558 1139 691 1193 ταῦρος
705 1137 768 1179 οὖν.
782 1140 837 1180 ἔτι
859 1140 1044 1194 ἐφαίνετο)
1058 1141 1104 1180 R.
1120 1141 1317 1182 Bentleius

50 1193 99 1232 ad
114 1195 251 1234 Horat.
266 1194 321 1233 III
334 1194 410 1234 Od.
423 1194 600 1241 XXVII,
624 1193 687 1242 48.
711 1194 859 1234 Bellum
879 1206 1007 1234 autem
1034 1206 1244 1235 amatorem
1259 1195 1317 1235 Io-

49 1259 138 1286 vem
151 1278 164 1294 ,
183 1250 251 1300 qui
265 1249 423 1292 ominis,
440 1259 485 1287 ut
503 1247 672 1296 videtur.
691 1247 804 1287 causa
824 1249 1001 1301 Europae
1015 1250 1154 1288 vitium
1172 1249 1310 1288 attule-

48 1301 101 1340 rit
119 1302 253 1341 eodem
276 1302 314 1340 in
331 1313 442 1341 antro
457 1301 643 1348 Difflieo,
662 1302 726 1340 ubi
740 1301 863 1340 fuerat
878 1314 1004 1342 natus:
1026 1305 1118 1366 quin
1134 1303 1173 1342 δι
1194 1303 1313 1356 plata-

48 1367 142 1393 num
155 1354 392 1395 ostentabant
404 1356 438 1394 ἐν
451 1353 498 1393 τῆ
508 1356 700 1407 Γορτυναίᾳ
711 1358 801 1406 πρὸς
814 1355 926 1409 orn-y?
938 1371 1029 1402 τινι,
1041 1372 1058 1396 n
1074 1353 1112 1396 οὗ
1124 1359 1315 1406 φυλλοβο-

47 1407 124 1448 λεῖ·
134 1408 384 1462 μυθολογοῦσι
399 1409 458 1455 δὲ,
474 1407 520 1448 ὣς
535 1409 595 1448 ἐστὶ
607 1408 850 1462 (mutandum
862 1407 997 1462 inz‘mrb)
1011 1410 1127 1458 ταύτῃ
1141 1411 1255 1464 ἐμίγη
1266 1410 1313 1460 ‘rio‘

49 1458 227 1514 Εὗρώπῃὸ
244 1462 341 1502 Ζεύς.
353 1463 550 1515 Theophr.
564 1464 613 1501 H.
628 1462 667 1502 P.
682 1463 720 1510 Ι,
731 1476 762 1502 c.
776 1477 791 1500 1
805 1477 835 1514 5.
849 1463 1015 1503 Fabulae
1027 1464 1312 1511 condonamus,

46 1516 203 1567 quando
218 1518 420 1569 regionum
440 1517 622 1556 terminos
635 1516 788 1555 liberius
808 1529 1086 1570 nonnunquam
1106 1517 1248 1571 refigit:
1273 1519 1314 1557 in

47 1568 247 1622 Gortynia
257 1582 358 1610 certe
367 1570 434 1610 fita
446 1583 525 1610 non
538 1581 617 1610 erat
630 1569 760 1617 Diae,
779 1583 906 1622 neque
919 1571 1014 1610 adeo
1025 1571 1229 1611 Didiaeum
1242 1585 1312 1611 an·

47 1633 150 1662 trum
163 1639 171 1662 :
185 1624 226 1663 δε
237 1636 363 1664 tamen
374 1625 554 1677 Europae
565 1624 670 1664 cultu
683 1623 871 1675 Gortynii
884 1626 1085 1677 praecipue
1098 1625 1316 1677 gloriaban-

43 1687 131 1726 tur3
145 1678 194 1718 s1c
206 1689 248 1717 ut
261 1678 337 1731 ipsa
348 1679 438 1717 urbs
451 1679 614 1730 primum
627 1679 800 1717 Ἐλλωτὶς
812 1677 924 1717 fuerit
933 1678 1118 1731 appellata
1128 1692 1176 1717 eo
1189 1680 1316 1718 nomi-

46 1743 110 1779 ne,
125 1745 206 1784 quo
221 1732 358 1771 Cretes
370 1733 563 1785 Europam
581 1732 796 1771 vocabant:
826 1731 1004 1784 Stephan.
1028 1733 1065 1770 in
1087 1732 1228 1783 Γέρτυν,
1244 1733 1312 1772 ubi

46 1785 136 1824 vide
143 1785 375 1825 Berkelium.
399 1786 434 1825 Si
448 1788 532 1838 quis
545 1787 690 1839 cupiat,
706 1785 828 1824 multo
840 1786 951 1838 plura
964 1785 1213 1839 suppeditabit
1224 1787 1311 1827 Ioh.

46 1838 241 1879 Meurfius
253 1841 292 1879 in
302 1839 430 1879 Creta.
443 1840 521 1879 Vix
533 1839 599 1885 est,
611 1851 655 1878 ut
666 1852 811 1891 operae
826 1840 988 1891 pretium
1003 1839 1111 1886 ferat,
1127 1841 1191 1892 qui
1204 1841 1314 1880 Non-

47 1892 268 1944 niDionys.
282 1893 418 1933 librum
432 1894 597 1946 primurn
609 1892 773 1932 eiusdem
787 1891 939 1932 fabulae
952 1895 1069 1945 gratia
1083 1894 1226 1946 legerit.
1238 1894 1311 1942 Ἐφ’

47 1945 82 1991 δ’,
95 1961 132 1985 τι
150 1946 251 1995 διέφ’
266 1947 336 1996 ὅτῳ
352 1961 400 1987 ex
411 1948 455 1986 iis
471 1947 569 1995 sunt,
583 1960 752 2000 quorum
766 1958 895 1986 utrum
907 1945 1089 2000 scripserit
1104 1948 1311 1995 Lucianus,

46 1999 250 2041 asseverari
268 2001 412 2053 liquido
433 2002 575 2053 nequit.
597 2002 760 2040 HEMST.

51 2083 57 2087 .
101 2057 174 2093 ead.
197 2056 220 2095 l.
243 2069 278 2107 9.
297 2055 463 2108 Γρὺπας)
480 2055 612 2100 Ludit.
628 2067 671 2094 ut
685 2066 778 2107 puto
791 2085 803 2100 ,
817 2054 1028 2100 Lucianus,
1049 2054 1159 2106 quia,
1181 2067 1224 2094 ut
1241 2068 1312 2095 ve-

47 2107 215 2147 rofimile
230 2108 284 2148 est
294 2140 305 2156 ‚
321 2110 358 2147 in
372 2109 510 2148 tabulis
532 2109 796 2160 geographicis
810 2108 976 2146 monstra
991 2108 1084 2148 haec
1098 2109 1202 2161 pingi
1217 2122 1309 2148 cum

45 2162 200 2214 reliquis
221 2161 404 2203 solebant.
426 2163 526 2201 Vide
540 2163 634 2202 Plut.
650 2163 692 2201 B.
709 2177 741 2214 p.
761 2176 793 2201 1.
815 2162 917 2200 Alibi
937 2173 1036 2201 certe
1051 2175 1072 2201 a
1085 2162 1192 2201 nullo
1206 2162 1310 2203 visos

46 2217 282 2269 pronuntiat.
304 2214 396 2269 Εὗχ.
419 2229 452 2255 c.
476 2232 538 2264 44.
556 2216 655 2255 Vide
675 2227 802 2254 tamen
815 2215 1034 2255 Camertem
1061 2216 1106 2255 ad
1129 2216 1307 2255 Solinum

51 2281 122 2322 143
137 2301 148 2317 ,
161 2270 186 2309 l.
206 2284 272 2322 50,
289 2270 329 2309 δι
348 2270 488 2323 Spanh.
505 2284 580 2320 270
595 2269 635 2309 δι
653 2269 731 2322 sqq.
751 2268 982 2308 Iohnstonus
1006 2284 1043 2321 p.
1061 2283 1127 2319 151
1152 2272 1308 2322 reperiri

46 2323 216 2370 testatur,
231 2325 482 2376 &imaginem
492 2324 662 2363 exhibet.
676 2323 820 2363 Ctesias
833 2323 1001 2375 agnoscit
1012 2325 1050 2362 in
1064 2323 1143 2362 Ind.
1155 2337 1235 2377 cap.
1254 2338 1266 2361 1
1277 2339 1312 2365 2.

0 2373 1 2381 ¹
49 2376 252 2428 Quosdam
271 2378 383 2417 etiam
398 2377 496 2417 nasci
513 2378 552 2416 in
565 2378 836 2430 Hyperboreis
855 2378 1072 2423 montibus,
1095 2379 1206 2416 tradit
1227 2378 1314 2417 Ser·

47 2432 138 2470 vius
151 2432 196 2470 ad
204 2432 312 2485 Virg.
327 2432 402 2471 Ecl.
417 2431 533 2477 VIII,
553 2445 591 2470 v.
606 2445 666 2480 27.
681 2431 745 2470 De
756 2431 896 2484 quibus
909 2432 1051 2470 Herod.
1067 2431 1144 2477 111,
1168 2444 1200 2470 c.
1221 2445 1234 2467 1
1248 2432 1308 2479 16,

45 2483 118 2535 IV,
136 2498 170 2527 c.
184 2499 272 2540 143,
285 2486 325 2528 δι
337 2485 540 2537 Fausarul²
554 2500 618 2540 43,
632 2485 894 2539 intelligendos
912 2484 1036 2526 censet
1049 2484 1189 2539 Spanh.
1204 2483 1308 2525 Con-
