1748 3420
443 209 1506 281 4ff‘ANNoTAT10NEs

440 315 554 357 cepta
574 302 629 342 Fl.
645 315 716 342 cur
731 300 964 354 repudietur,
976 297 1125 338 causam
1146 311 1224 338 non
1244 298 1371 338 video.
1390 297 1434 337 In
1448 304 1492 338 Θ.
1512 301 1570 350 Κρ.
1586 310 1622 351 p.
1637 296 1707 345 61,-

441 360 549 398 κατὰ
564 360 626 395 τὸν
638 356 722 406 ἐμὶν
736 351 867 392 οὑτωσὶ
881 353 1083 392 δάκτυλον.
1107 352 1270 391 HEMST.

497 409 714 449 ibid.'EneTvo
728 404 841 459 αὐτο)
848 405 1049 458 Respuunt
1059 405 1149 444 illud
1164 401 1256 444 αὐτο
1269 403 1459 444 ΟΧ.8ζῙἿ.
1471 403 1655 458 Agnoscit
1662 403 1706 445 P.
1744 399 1748 411 ²

443 478 535 505 cum
552 463 707 515 reliquis
722 459 914 513 impreffis.
929 457 1093 498 Facessat
1101 470 1175 510 ego
1186 459 1299 497 etiam
1310 458 1444 497 auctor
1455 457 1534 497 sim.
1545 458 1708 498 SOLAN.

499 520 572 556 ead.
588 518 611 555 l.
624 530 661 565 7.
679 515 793 566 Τυρὼ)
808 513 999 553 Salmonei
1010 511 1108 557 filia,
1127 524 1172 550 ex
1189 525 1266 564 qua
1282 512 1322 550 δι
1335 512 1521 564 Neptuno
1536 512 1611 550 nati
1626 512 1708 552 Ne·

444 572 528 611 leus
539 570 579 609 δὲ
590 570 718 609 Pelias.
729 567 829 607 Vide
842 566 918 606 Od.
930 572 972 614 Α,
988 578 1059 617 235
1076 565 1154 617 sqq.
1166 564 1288 616 Supra
1300 564 1363 603 Ἐν.
1376 571 1423 603 Δ.
1433 564 1536 604 XIlI.
1545 564 1704 605 SOLAN.

500 626 573 664 ead.
586 625 609 662 l.
628 636 642 660 1
652 637 685 663 2.
705 619 973 672 Θαυμάζουσι)
985 617 1216 658 Describunt
1229 619 1272 657 iis
1285 618 1469 666 versibus,
1488 618 1558 671 qui
1569 631 1707 658 eorum

443 677 592 718 formae
605 675 895 716 admirationem
909 674 946 711 in
962 672 1075 711 nobis
1089 682 1229 711 creant.
1245 671 1369 711 CLER.

502 732 595 781 Pag.
616 730 702 783 198.
715 730 737 767 l.
753 742 787 766 2.
802 722 894 766 Εἶτα
909 724 951 764 αἱ
963 727 1095 777 χίλιαι
1112 723 1206 778 νῆες)
1222 725 1348 764 Norae
1362 724 1565 778 particulae
1577 725 1635 765 vis
1652 736 1710 765 at-

446 798 523 839 que
535 783 721 837 elegantia
734 779 949 834 praesertim
966 779 1212 832 scriptoribus
1226 779 1362 818 Atticis
1374 778 1486 818 valde
1500 777 1707 828 familiaris,

445 853 469 891 q
476 852 560 878 uam
570 838 646 877 hoc
655 837 769 876 etiam
782 834 950 874 adhibito
959 832 1050 872 loco
1057 832 1242 872 Kusterus
1251 831 1449 872 illustravit
1458 832 1505 870 ad
1512 831 1709 885 Aristoph.

445 891 545 932 Plut.
558 906 596 931 v.
609 904 670 941 79.
685 889 892 933 Lucianus,
907 897 951 926 ut
965 899 1100 925 verum
1118 884 1304 925 Atticismi
1318 886 1475 932 florem,
1487 887 1555 939 qui
1566 898 1710 926 nervos

447 946 618 986 orationi
635 945 673 983 δε
686 943 845 996 gratiam
861 940 1053 988 conciliat,
1066 939 1276 979 senabatur
1289 950 1488 980 contemto
1499 939 1711 980 vocabulo-

447 1014 533 1039 rum
548 996 741 1038 fastidioso
756 993 918 1039 dele&u‚
932 993 1077 1046 saepius
1091 992 1266 1046 usurpat:
1279 1006 1348 1033 nec
1363 992 1505 1046 sprevit
1518 1004 1623 1046 pater
1635 995 1714 1047 epi·

449 1053 567 1092 stolae
578 1052 624 1090 ad
637 1050 754 1090 Hebr.
768 1048 856 1095 XII,
872 1063 912 1102 9,
924 1059 965 1087 ut
978 1048 1119 1086 dudum
1135 1048 1284 1087 monuit
1297 1047 1348 1086 H.
1360 1047 1538 1100 Stephan.
1554 1046 1650 1086 Diff.
1665 1047 1712 1088 de

449 1106 549 1157 Styl.
566 1105 615 1144 N.
628 1104 678 1143 T.
693 1104 733 1144 δι
750 1101 835 1156 post
847 1115 934 1141 eum
950 1100 1160 1153 Raphelius
1173 1113 1220 1140 ex
1232 1101 1420 1149 Arriano,
1436 1112 1551 1153 atque
1569 1100 1641 1140 alii.
1654 1101 1713 1141 A·

450 1160 528 1213 pud
540 1159 696 1197 Latinos
719 1156 849 1196 eadem
872 1155 1035 1208 potestas
1056 1153 1188 1194 residet
1205 1155 1245 1193 in
1263 1155 1320 1201 ὅ»,
1339 1155 1444 1206 quod
1459 1155 1526 1207 qui
1540 1154 1712 1196 Graecae

449 1212 659 1267 particulae
668 1211 759 1250 loco
768 1208 975 1262 posuerunt
987 1209 1226 1261 interpretes,
1237 1207 1336 1260 digni
1349 1220 1427 1247 non
1437 1207 1537 1256 sunt,
1546 1209 1612 1261 qui
1622 1221 1711 1262 pro-

450 1279 580 1320 pterea
594 1264 936 1318 reprehendantur:
963 1275 1035 1301 nos
1049 1274 1184 1301 eorum
1200 1261 1363 1313 vestigiis
1383 1260 1547 1301 insistere
1560 1274 1639 1302 non
1658 1263 1714 1316 pi-

452 1322 546 1373 guit.
565 1320 619 1359 Ut
639 1329 764 1358 autem
789 1330 882 1356 mox
896 1315 1036 1356 Noster
1048 1313 1180 1354 πόλεις
1194 1315 1409 1355 ἀνάστατοι
1424 1315 1636 1369 γεγόνασι,
1659 1316 1712 1356 sic

452 1374 584 1414 verbis
598 1372 721 1412 iisdem
738 1370 848 1411 Isocr.
869 1371 906 1409 in
925 1371 1060 1409 Helen.
1079 1369 1200 1409 Laud.
1215 1382 1300 1422 pag.
1327 1369 1402 1408 216
1418 1370 1467 1409 A.
1486 1369 1573 1408 ἀλλ’
1589 1368 1620 1408 οἱ
1639 1369 1712 1420 μὲν

452 1426 653 1480 (Troiani)
673 1426 868 1476 περιεώρων
881 1424 944 1463 καὶ
955 1422 1085 1462 orbam
1096 1422 1337 1462 ἀναστάτους
1347 1426 1559 1476 γινομένοις,
1572 1423 1635 1462 καὶ
1648 1423 1714 1463 την

452 1496 490 1533 χ
495 1484 588 1534 ώραν
606 1479 841 1533 πορθουμένην
861 1475 960 1518 ὥστε
975 1476 1027 1528 μὴ
1045 1478 1224 1528 προέσὲοιι
1245 1473 1360 1519 οιῦτην
1385 1476 1613 1531 (Helenam)
1635 1477 1714 1518 τοῖς

444 1533 635 1575 Ἕλλησιν.
662 1535 826 1573 HEMST.

510 1592 583 1628 ead.
600 1589 622 1627 l.
634 1601 671 1636 7.
690 1585 944 1638 Ἀνεμὲσητον)
961 1585 1016 1624 Ex
1029 1584 1192 1624 Homeri
1204 1584 1307 1624 Iliad.
1322 1599 1364 1638 3,
1381 1582 1433 1625 06
1455 1584 1610 1635 νέμεσις.
1627 1585 1716 1625 Aria

453 1643 567 1683 staen.
584 1642 656 1681 alii.
678 1642 849 1681 Bonan.
869 1639 1028 1679 Nobiles
1041 1639 1203 1678 Homeri
1216 1637 1348 1678 versus
1361 1638 1583 1691 exquisitam
1599 1639 1716 1679 Hele·

452 1710 527 1737 nae
549 1695 808 1735 laudationem
830 1693 1042 1746 complexi:
1064 1692 1334 1744 ἒημογὲροντες
1345 1693 1442 1732 enim
1468 1691 1647 1740 fatentur,
1668 1693 1715 1733 ad

452 1748 696 1803 conspe&um
714 1759 789 1787 tam
804 1746 1002 1787 inusitatae
1017 1746 1309 1799 pulchritudinis
1328 1746 1364 1786 se
1378 1747 1486 1786 velut
1500 1747 1588 1799 igne
1602 1759 1715 1788 novo

451 1802 728 1848 concalescere,
749 1813 863 1854 atque
875 1802 970 1840 adeo
986 1812 1106 1853 paene
1120 1801 1310 1846 dubitare,
1323 1812 1371 1839 an
1384 1799 1470 1840 belli
1482 1800 1718 1841 calamitates

453 1858 605 1899 Helena
614 1854 842 1896 conservata
851 1853 1063 1908 pensentur.
1072 1854 1293 1906 Expreffere
1307 1854 1429 1902 multi,
1438 1865 1555 1907 atque
1567 1854 1612 1894 ad
1623 1855 1718 1895 alias

454 1924 539 1952 tum
554 1910 696 1951 formas
712 1921 794 1949 tum
808 1922 867 1948 res
884 1909 1154 1948 traduxerunt:
1173 1907 1292 1947 facete
1308 1908 1447 1947 Noster
1464 1908 1546 1958 ’περὶ
1562 1907 1635 1947 τῶν
1648 1909 1713 1949 ἐπὶ

455 1971 560 2005 ΜΣ.
573 1978 656 2016 cap.
674 1964 732 2003 16.
747 1963 844 2002 Vide
856 1963 1015 2002 Maxim.
1031 1962 1129 2014 Tyr.
1142 1969 1188 2000 Δ.
1207 1963 1299 2009 XV,
1320 1976 1357 2014 p.
1378 1975 1463 2010 150.
1483 1961 1650 2001 Eustath.
1669 1962 1716 2003 de

456 2018 596 2071 Hysm.
612 2018 749 2058 Amor.
762 2016 840 2062 111,
855 2030 891 2068 p.
905 2031 966 2069 93.
981 2015 1165 2055 Aristaen.
1186 2015 1201 2054 Ι
1223 2016 1290 2068 Ep.
1308 2030 1324 2054 1
1345 2014 1411 2055 sub
1426 2014 1554 2056 finem.
1568 2017 1718 2056 Home-

452 2076 579 2115 ricum
594 2070 646 2111 Οὐ
659 2071 803 2122 νέμεσις
816 2070 927 2110 habet
938 2069 1156 2109 Callimach.
1173 2070 1223 2108 H.
1235 2070 1272 2108 in
1286 2069 1402 2108 Dian.
1416 2083 1454 2109 v.
1469 2071 1532 2118 64.
1555 2069 1716 2110 Luciani

453 2129 678 2177 ἀνεμέσητον
692 2123 826 2176 Synes.
844 2125 912 2176 Ep.
933 2138 946 2162 1
956 2137 1001 2163 01
1012 2155 1021 2169 ,
1033 2138 1069 2176 p.
1085 2136 1160 2170 240
1172 2123 1218 2162 C.
1240 2123 1462 2172 ἀνεμέσητον
1473 2122 1518 2163 δὲ
1533 2122 1719 2175 ἑκττερινο.

455 2181 561 2223 στεῐν
574 2179 636 2219 καὶ
646 2178 713 2219 τὴν
725 2178 910 2217 ‘Endesa
922 2176 1179 2230 Quinftilian.
1191 2176 1220 2216 I.
1234 2176 1286 2216 O.
1299 2176 1410 2223 VIII,
1420 2189 1505 2230 cap.
1516 2190 1555 2226 4,
1568 2191 1602 2230 p.
1611 2191 1636 2226 7
1645 2179 1715 2218 16:

455 2238 541 2276 Non
552 2247 677 2286 putant
690 2234 864 2284 indignum
875 2232 1012 2272 Troiani
1020 2231 1186 2285 principes
1201 2232 1330 2270 Graios
1343 2231 1568 2284 Troianosque
1577 2244 1718 2285 propter

454 2290 605 2329 Helenae
613 2287 753 2340 speciem
768 2298 817 2325 tot
829 2287 934 2332 mala,
955 2298 1049 2325 tanto
1062 2285 1217 2337 temporis
1221 2285 1351 2337 spatio,
1357 2285 1533 2339 sustinere:
1551 2301 1717 2340 quaenam

452 2345 557 2396 igitur
573 2344 633 2380 illa
639 2340 756 2392 fbrma
770 2343 927 2379 credenda
938 2341 981 2392 est
991 2343 1011 2378 ,Ρ
1033 2340 1200 2378 HEMST.

505 2398 541 2435 in
554 2396 668 2435 Schol.
684 2395 707 2433 l.
724 2409 756 2447 3.
779 2392 863 2443 Tol?
879 2393 916 2431 θ’
937 2392 1052 2445 ἀμφὶ)
1075 2391 1159 2441 Tor?
1172 2391 1317 2444 ἓόἰμφὶ
1341 2392 1513 2446 γυναικὶ]
1539 2392 1715 2432 Delenda

449 2451 568 2490 haec:
589 2461 712 2501 neque
726 2448 828 2487 enim
846 2460 995 2486 novum
1012 2446 1063 2486 est
1075 2446 1285 2486 Scholium.
1304 2446 1369 2485 nist
1385 2445 1510 2487 forsan
1524 2447 1717 2488 decurtata

447 2506 486 2545 in
501 2505 580 2546 eius
595 2502 738 2544 Codice
753 2501 869 2545 verba
883 2502 1047 2542 Homeri
1062 2500 1217 2548 suerint.
1242 2500 1400 2542 SOLAN.
