1748 3420
142 211 222 256 IN
255 208 663 256 DIALOGOS
700 210 1213 256 MORTUORUM.
1247 225 1343 273 409

30 296 152 337 chus
160 312 224 350 pro
235 299 315 336 Deo
327 297 462 344 colitur,
473 297 594 336 verba
608 295 694 336 sunt
712 296 811 335 Livii
826 297 950 342 XLV
971 312 1033 346 27,
1052 300 1270 351 templumque
1287 313 1345 336 ve-

24 335 42 409 Ξ
67 352 189 402 tastum
203 350 410 404 estfimu'bus
428 351 569 403 rivisque
585 351 675 389 circa
687 366 875 389 amoenum.
896 350 959 390 De
977 352 1111 390 eodem
1131 352 1342 405 Amphilo-

24 402 38 431 ἱ
67 403 143 443 cho
159 404 247 443 alibi
263 405 374 457 plura
389 403 560 443 diaurus
581 415 685 443 nunc
700 403 842 443 defino.
866 404 1025 444 SOLAN.

120 458 156 496 in
171 458 286 497 Schol.
308 459 370 496 col.
389 471 421 495 1.
443 458 466 496 l.
488 471 525 506 7.
553 455 780 508 Εἰσνιρχοντο
809 458 1040 510 απαῇριώιιε
1026 457 1112 511 νοι)
1142 458 1221 498 Res
1239 457 1340 511 ipsa,

27 560 31 563 .
67 510 174 562 quod
186 512 327 550 dudum
344 510 583 556 coniectavi,
598 511 764 563 postulat
778 510 899 562 ἑξηρχ
906 527 985 549 οντο
990 513 1118 551 ,Tum
1139 516 1182 550 V.
1196 514 1336 565 ἁπογρ.

66 564 290 603 emendandi
309 566 411 603 viam
428 564 712 604 Grammaticae
737 564 838 615 leges
867 565 1142 604 monstrabant.
1174 567 1341 605 HEMsT

28 620 30 623 ’
120 619 200 656 ibid.
217 619 240 656 l.
255 618 291 657 8.
310 617 568 670 Ἀηῶεῖήᾊμ
573 617 687 657 ηὸεῖς.
708 620 752 655 V
777 618 935 658 SOLAN.
965 619 1093 664 Hinc,
1114 632 1233 671 quam
1257 620 1348 658 red-

24 679 37 704 >
67 671 165 720 didi,
179 684 310 711 veram
330 671 533 711 leffione'm
557 684 692 711 eruere
712 670 813 710 fuit
806 685 843 710 tn
874 673 1048 723 proclivi.
1075 672 1250 725 Alciphr.
1268 672 1344 721 ΙΙΙ,

68 724 138 779 Ep.
158 739 194 777 3,
211 725 278 774 64,
295 740 356 763 τον
369 727 556 776 αὑστηρον
573 726 635 764 καὶ
651 723 804 774 amisii.
829 726 993 764 HEMST.

121 779 201 818 ibid.
216 779 238 817 l.
256 792 313 817 10.
329 778 486 830 Τρόπον)
501 763 643 829 Χρόνον,
657 791 701 817 nt
715 779 789 817 iam
807 778 900 817 olim
913 778 988 818 effe
1000 778 1269 841 corrigendum
1284 779 1346 818 vi-

67 832 199 872 deram
213 833 307 872 Not.
321 833 369 871 ad
380 832 539 872 Luciani
554 831 657 871 Dial.
674 831 834 871 restituit
851 833 1030 880 Solanus,
1045 833 1085 872 δι
1107 845 1201 871 mox
1220 830 1237 872 ἦ
1256 843 1345 873 ante

23 899 26 902 ’
67 886 253 952 παροιμία
264 898 314 925 ex
333 889 376 925 V.
389 885 452 926 De
469 885 702 946 Trophonio
716 899 797 925 non
812 885 997 925 diffimilia
1010 885 1159 925 tradidit
1174 886 1342 926 Nonnus

69 944 220 993 Συναγ.
234 939 359 991 Ἱο-τορ.
374 940 412 978 in
434 939 638 992 principio.
664 940 832 978 ΗΕΜ5Τ.

124 994 364 1046 Pag.136.l
388 1008 419 1032 1.
435 997 565 1032 ΤΡΟΦ.
581 993 622 1032 τί
639 986 776 1043 obvim-s
778 993 811 1032 ἲς
826 991 959 1045 αιτιοι)
976 992 1312 1045 Amphilochum
1304 1006 1344 1032 m

67 1046 229 1100 Dialogi
254 1048 379 1099 capite
405 1047 598 1086 omittunt
622 1046 673 1086 O.
696 1047 808 1086 &ed
832 1049 888 1086 fl.
908 1047 1027 1086 Error
1045 1048 1184 1086 exinde
1209 1058 1349 1094 natus,

68 1102 205 1154 quod
197 1114 236 1141 m
258 1101 333 1141 hoc
360 1112 446 1140 toto
469 1101 670 1160 colloquio
690 1113 834 1140 mutam
856 1114 970 1154 agere
990 1100 1192 1154 personam
1211 1102 1348 1141 videa-

16 1185 20 1193 ,
67 1165 150 1194 tur:
171 1168 291 1207 quare
304 1155 396 1194 nihil
410 1166 490 1194 erat
501 1154 648 1202 causae,
664 1167 735 1194 cur
746 1168 889 1195 nomen
905 1156 1002 1202 eius,
1016 1156 1082 1208 qui
1098 1155 1246 1195 nullum
1257 1168 1347 1196 ver-

67 1208 161 1248 bum
176 1209 340 1254 faceret,
361 1210 401 1248 in
421 1207 550 1249 fronte
568 1210 878 1261 ponerent.1ure
899 1220 1028 1249 tamen
1052 1222 1226 1248 errorem
1243 1210 1345 1256 dixi,

69 1264 255 1313 quoniam
277 1263 375 1303 hoc
368 1276 405 1302 in
429 1262 519 1302 loco
534 1262 610 1302 fine
626 1274 738 1302 conti
741 1276 794 1302 ox
798 1262 891 1303 ersia
911 1276 984 1316 pro
1001 1263 1237 1317 Trophonio
1256 1263 1346 1303 sub-

69 1316 278 1357 stituendus
290 1317 343 1356 est
357 1317 661 1370 Amphilochus:
685 1328 728 1356 ut
741 1316 961 1357 alieniffima
979 1315 1081 1364 sunt,
1099 1331 1198 1370 quae
1218 1318 1278 1358 hic
1293 1318 1350 1356 di-

70 1383 236 1419 cuntur,
258 1385 279 1410 a
302 1370 463 1424 persona
491 1371 735 1423 Trophonii,
759 1385 898 1423 quem,
919 1372 1008 1410 dum
1027 1370 1063 1410 se
1085 1371 1244 1411 heroem
1268 1371 1345 1411 effe

69 1403 286 1472 contendit,
303 1425 344 1465 δι
360 1425 516 1464 oracula
529 1438 622 1464 vere
636 1424 922 1465 consulentibus
944 1426 1076 1473 edere,
1094 1424 1183 1464 salse
1195 1425 1347 1478 Menip-

70 1491 144 1532 pus
163 1480 312 1527 irridet,
339 1479 391 1519 fic
416 1490 554 1518 contra
575 1478 666 1517 nihil
686 1478 815 1526 obest,
837 1493 917 1539 quo
936 1480 1060 1519 minus
1074 1479 1344 1541 Amphilocho

68 1533 321 1585 quantumvis
337 1535 415 1572 vati
431 1546 452 1572 a
467 1533 644 1572 Luciano
657 1535 830 1586 potuerit
845 1532 1004 1573 adieribi
1028 1533 1092 1573 iste
1105 1532 1256 1580 sermo,
1279 1534 1348 1587 qui

70 1600 227 1627 omnem
242 1587 343 1626 illam
360 1587 569 1626 divinitatis
593 1586 874 1640 persuasionem
899 1587 1046 1639 stupori
1070 1588 1272 1626 hominum
1300 1601 1348 1627 ac

71 1641 283 1681 dementiae
293 1642 435 1681 tribuit.
453 1641 563 1694 Quin
579 1642 692 1680 etiam
707 1655 797 1680 mox
810 1641 1072 1693 Amphilocho
1086 1642 1345 1709 Trophonius

70 1695 291 1752 indignatur
305 1705 490 1748 tanquam
505 1694 637 1735 causae
655 1708 874 1734 communis
888 1694 1098 1743 desertori,
1108 1695 1347 1748 Ἀμφίλοχος

67 1749 138 1800 μὲν
154 1750 258 1789 οὑτος
270 1750 314 1788 ἂν
330 1749 442 1789 elsam
458 1750 532 1789 διε.
567 1762 692 1801 neque
714 1750 765 1794 is,
789 1749 892 1801 quasi
916 1748 983 1788 sua
1006 1762 1143 1800 parum
1162 1748 1347 1796 referret,

72 1803 318 1857 disputationi
344 1802 418 1843 sese
441 1803 608 1857 amplius
628 1803 822 1843 immiscet.
846 1804 888 1842 Ti
906 1819 963 1842 ουν
979 1803 1042 1843 hic
1058 1803 1238 1856 quidem
1231 1815 1347 1843 inter-

71 1859 233 1915 rogandi
244 1869 338 1897 nota
351 1857 484 1897 melius
497 1870 519 1896 a
506 1856 776 1923 sequentibus
788 1858 1043 1909 disiungetur,
1054 1870 1098 1896 ut
1110 1857 1211 1896 Dial.
1221 1857 1348 1906 XXII,

71 1914 113 1951 τί
131 1926 211 1960 ουν,
235 1910 353 1963 ἑχρην
373 1911 443 1950 διὰ
458 1909 569 1950 τοῦτο
588 1927 640 1961 μη
666 1910 883 1958 ἀποθανεῖν,
906 1911 1148 1964 Amphiarao
1161 1912 1347 1965 Tropho-

71 1967 178 2006 nium
193 1965 546 2018 &Amphilochum
561 1966 661 2004 addit
678 1965 826 2005 Aristid.
839 1966 888 2005 T.
900 1965 930 2012 Ι,
944 1979 980 2018 p.
998 1965 1108 2004 82A.
1122 1966 1347 2018 Ἀμφιάραος

69 2020 139 2071 μὲν
154 2022 236 2072 ’γᾶς
253 2021 314 2059 καὶ
327 2020 519 2070 Τροφώνιος
538 2020 572 2058 ἐν
594 2020 771 2060 Βοιωτία.
794 2019 857 2057 καὶ
877 2019 1145 2071 Ἀμφίλοχος
1132 2034 1164 2058 εν
1180 2020 1318 2058 Αἰτω)
1306 2034 1346 2069 ιςι

71 2088 108 2126 χ
113 2072 354 2126 ρησμῳὲοὗσί
367 2088 411 2112 τε
426 2073 491 2112 καὶ
510 2074 718 2123 φαίνονται·
733 2088 831 2112 ουτοι
847 2072 892 2112 ἑὲ
909 2073 935 2125 (’
939 2072 1230 2119 Acmnom'esoei,
1243 2087 1346 2126 quos

73 2128 187 2192 supra
209 2127 369 2168 istorum
389 2128 558 2167 honores
574 2127 744 2179 extollit)
758 2125 973 2178 πανταχοῦ
994 2126 1060 2167 τῆς
1075 2126 1147 2193 ’γῆς
1161 2127 1348 2167 siamu-

74 2197 126 2229 σι,
143 2178 270 2233 ὥσπερ
287 2182 385 2222 &cv
375 2196 442 2232 ρες
463 2198 511 2221 or
502 2182 664 2232 ρι’πολοι·
690 2182 741 2220 ita
764 2182 965 2233 legendum
980 2180 1080 2220 est
1053 2180 1254 2220 οιέιττουσι
1272 2194 1346 2234 pro

70 2237 237 2289 vulgato
250 2236 522 2282 sima-mum,
542 2236 630 2288 quia
645 2234 846 2274 manifesto
861 2234 1006 2288 respicit
1019 2235 1099 2274 ad'
1083 2249 1183 2273 αστε
1169 2236 1266 2286 ipen,
1277 2236 1345 2288 qui

72 2289 295 2330 Sam-trouver
314 2289 574 2343 appellantur3
596 2302 720 2342 neque
743 2290 818 2329 hoc
839 2289 1009 2328 Cantero
1032 2287 1200 2335 latuisse,
1217 2288 1346 2329 versio

70 2344 212 2397 prodit.
224 2344 351 2383 Viden
368 2356 484 2389 vero,
497 2355 684 2396 quantum
701 2344 876 2383 Luciano
887 2342 993 2382 distet
1005 2342 1207 2389 Aristides,
1224 2344 1347 2382 homo

72 2397 328 2451 superstitioni
337 2397 618 2437 add1&1ffimus
636 2397 738 2437 fama
749 2409 875 2437 tamen
889 2398 1027 2444 tenuit,
1040 2396 1228 2449 nusquam
1240 2409 1348 2457 prae·

71 2451 253 2495 sentiores
267 2465 448 2505 apparere
456 2451 580 2501 Deos,
596 2465 728 2504 quam,
742 2465 826 2513 quo
836 2451 1073 2491 Christianos
1086 2451 1261 2491 omnium
1277 2449 1346 2488 mi

73 2506 177 2547 nime
188 2506 366 2548 credulos
381 2505 738 2561 ablegabatCelsus,
754 2506 804 2547 εἰς
820 2510 883 2558 Τρο
888 2506 987 2547 -zcom‘
992 2521 1026 2554 υ,
1043 2521 1108 2547 και
1125 2505 1175 2546 εἰς
1186 2503 1326 2556 'Amu'e
1333 2525 1349 2535 ν
