1748 3420
445 235 536 292 322.⁴
634 221 1505 270 ANNOTATIONES

440 327 527 357 Δικ.
542 327 623 367 cap.
636 327 674 366 9.
694 313 846 364 Μακραὶ
864 312 1059 352 dicebatur
1079 311 1275 365 spelunca;
1288 312 1378 353 vide
1396 312 1558 353 omnino
1570 310 1706 366 Euripk

440 372 505 409 Ἷω.
526 382 561 421 p.
580 369 656 420 697
673 368 716 406 B.
739 367 895 406 SOLAN.

492 424 566 460 ead.
583 421 604 458 l.
627 419 662 459 8.
675 420 810 471 ‘soii-to)
826 420 867 459 Id
882 418 934 459 est
948 448 959 464 ‚
980 418 1100 457 Πᾶνα.
1116 418 1285 460 GUYl-:Ts

494 476 568 512 ead.
587 474 610 512 l.
625 488 661 525 9.
683 475 867 523 Ἐρωτικὸς
887 473 965 526 γάρ
985 472 1082 524 εἰμι)
1105 472 1164 511 Sic
1188 471 1264 510 Pan
1287 471 1407 512 dicius
1423 472 1706 526 φιλοπάρθενος,“

441 527 580 568 Achill.
595 527 682 565 Tat.
695 526 758 565 lib.
772 526 794 565 8
807 556 819 573 ‚
841 527 882 566 δι
896 527 1077 576 ἐρωτικὸς,
1092 526 1213 578 Long.
1226 525 1289 564 lib.
1310 539 1344 563 2.
1359 525 1531 564 Bounn.

497 584 570 619 ead.
587 582 610 618 I.
630 593 685 618 11.
704 579 951 633 Ἐπιχειρεῖς)
974 579 1032 618 Ex
1050 580 1100 618 A.
1121 579 1160 617 P.
1188 580 1230 617 ὅ(
1250 578 1307 617 ed.
1324 578 1354 617 Ι.
1380 577 1446 616 nisi
1461 578 1565 630 quod
1579 579 1617 617 in
1633 579 1704 620 hac

442 632 621 674 mendose
652 633 790 685 legitur
816 631 1014 686 ἑπιχορεῖς.
1051 631 1094 670 In
1115 632 1268 684 reliquis
1294 630 1347 670 est
1370 630 1581 676 ἐπιβαίνεις.
1602 633 1705 672 Vide

440 687 548 727 Dial.
563 686 635 739 seq.
650 686 765 725 finem
781 686 820 725 δι
836 685 945 738 Epist.
966 685 1059 724 Div.
1078 685 1122 724 ad
1137 685 1356 724 Saturnum.
1378 684 1486 723 Echo
1500 697 1568 724 cur
1587 684 1706 738 finga-

444 751 508 780 tur
522 741 622 780 Pana
638 739 787 787 amasse,
805 740 892 778 vide
906 739 1088 789 Polyaen.
1103 738 1213 777 Strat.
1236 738 1275 784 Γ,
1292 750 1376 789 pag.
1400 750 1459 776 10.
1473 738 1649 777 Meminit
1662 739 1706 780 δε

445 794 628 835 Moschus
639 794 738 846 apud
753 793 858 832 Stob.
876 793 914 830 in
929 792 1042 832 Grot.
1062 791 1162 830 Flor.
1178 805 1265 841 247.
1276 790 1433 829 SOLAN.
1445 790 1706 832 Probiffimam

444 848 649 888 leffionem
664 847 870 891 ἐπιβαίνεις
883 845 1013 885 nullus
1026 845 1202 896 equidem
1222 854 1429 884 mutavero
1447 856 1534 883 curn
1553 845 1708 898 ἐπιχει-

446 901 528 954 ρεῖς.
550 901 614 940 De
631 900 732 939 Pane
750 912 830 939 non
852 899 958 938 aliter
984 899 1134 937 iocatur
1155 899 1397 946 Mercurius,
1417 910 1533 950 quam
1553 897 1580 936 si
1600 909 1708 939 totus

443 955 545 995 foret
562 955 699 993 hircus.
718 953 759 992 In
778 954 849 992 hac
864 965 906 992 re
928 953 1080 1005 propria
1098 950 1186 990 sunt
1197 952 1331 997 βαίνειν
1345 951 1383 990 &
1397 951 1595 995 ἐπιβαίνειν
1611 951 1708 993 ΡοΠ.

443 1010 498 1058 V,
516 1023 578 1061 92.
591 1008 711 1059 Long.
729 1007 797 1054 111,
809 1020 844 1057 p.
856 1019 925 1058 79,
945 1005 975 1043 οἱ
988 1004 1074 1057 κριοὶ
1089 1004 1226 1057 ἔβαινον
1238 1006 1356 1044 ἄλλος
1367 1005 1501 1052 ἀλλην,
1517 1005 1557 1044 δι
1571 1006 1710 1046 ἐπανα-

443 1063 575 1108 βαίνειν
588 1061 730 1100 Athen.
751 1059 867 1108 XIII,
890 1073 926 1112 p.
947 1059 1021 1111 605
1041 1058 1084 1098 F.
1101 1057 1255 1097 Pausan.
1270 1059 1324 1103 V,
1346 1072 1382 1110 p.
1402 1057 1492 1106 448.
1514 1056 1608 1098 solet
1622 1059 1708 1112 qui·

445 1117 531 1155 dem
548 1112 771 1153 Aristoteles
789 1113 985 1158 ἐπιβαίνειν
1008 1113 1070 1150 ἐπὶ
1088 1111 1152 1151 τὴν
1172 1110 1304 1151 ἵππον·
1324 1110 1385 1150 sed
1401 1112 1499 1164 apud
1516 1111 1611 1152 alios
1630 1112 1712 1153 sae-

447 1171 535 1221 pius
550 1167 726 1208 invenias
739 1166 944 1212 ἐπιβαίνειν
962 1164 1027 1206 τὴν
1038 1163 1157 1205 ἰ’ππον
1174 1165 1239 1204 vel
1256 1163 1304 1214 τῇ
1317 1162 1440 1214 ἰ’ππῳ·
1454 1177 1660 1218 utrumque
1670 1168 1710 1207 in

443 1221 721 1273 Hippiatricis:
743 1233 826 1272 pag.
848 1234 909 1270 57,
930 1220 991 1258 ἐὰν
1017 1218 1221 1270 κακογενὲς
1240 1218 1367 1269 ὂχεῖον
1388 1217 1511 1267 ἑπιβξῖ·
1526 1219 1709 1270 inscendere

444 1276 518 1315 Rei
534 1274 815 1314 Verterinariae
829 1273 1053 1324 Scriptores.
1074 1273 1175 1312 Hinc
1195 1271 1315 1317 βατης
1339 1271 1379 1311 &
1397 1270 1593 1312 ἁναβάτης
1609 1274 1707 1314 idem

442 1330 513 1383 qui
530 1327 707 1380 ὃχεὺτνις·
719 1339 807 1365 nam
821 1326 1006 1372 ἐπιβάτης
1023 1326 1090 1364 vix
1106 1325 1281 1365 usitatum
1294 1325 1421 1364 credo.
1440 1325 1600 1365 Htmsr.

500 1384 572 1421 ead.
590 1383 612 1419 l.
634 1394 692 1420 12.
705 1379 757 1429 Τῇ
774 1394 817 1419 τε
834 1379 952 1430 Ἠχοῖ
969 1379 1032 1418 καὶ
1050 1378 1097 1429 τῇ
1117 1379 1251 1431 slim)
1273 1379 1376 1418 Hinc
1393 1378 1468 1418 Pan
1483 1377 1707 1428 ὸρεσσαύλοὺ

445 1434 558 1475 πόσις
571 1433 710 1487 Ἀχοῦς
725 1433 885 1472 Anthol.
907 1433 975 1481 1V‚
990 1445 1074 1485 pag.
1096 1432 1194 1482 476,
1214 1445 1236 1472 a
1249 1432 1464 1472 Theaeteto
1477 1432 1618 1481 dietu53
1639 1434 1707 1473 ubi

444 1489 644 1530 Brodaeus
656 1488 771 1527 huius
785 1487 860 1527 loci
875 1487 1069 1532 meminit,
1089 1487 1128 1526 δι
1145 1486 1464 1539 praecedentium.
1476 1485 1592 1526 Pinus
1606 1499 1708 1526 ama-

444 1553 507 1582 tae
519 1542 560 1582 &
576 1543 613 1582 in
628 1542 805 1582 arborem
827 1539 954 1579 versae
973 1539 1103 1579 fabula
1118 1540 1212 1578 nihil
1225 1539 1278 1579 est
1300 1540 1444 1579 notius.
1457 1539 1581 1592 Quod
1595 1553 1709 1592 prae-

444 1607 503 1636 ter
520 1597 577 1636 ed.
590 1596 620 1635 I.
633 1595 808 1635 nonnulli
819 1593 940 1634 Codd.
954 1606 1027 1646 pro
1040 1594 1156 1632 Πίτυϊ
1167 1593 1350 1646 praebent
1365 1593 1490 1640 Πυθοῖ,
1504 1594 1539 1632 id
1550 1594 1705 1646 quidem

444 1650 561 1703 quale
573 1650 631 1697 fit,
645 1662 725 1688 non
737 1648 922 1702 percipio:
937 1646 1037 1687 reae
1051 1647 1267 1686 iamdudum
1280 1647 1428 1686 monuit
1438 1647 1706 1700 Iungermann.

446 1704 492 1743 ad
505 1704 628 1756 Long.
649 1717 686 1755 p.
702 1717 722 1741 2
734 1716 745 1740 ι
757 1716 794 1756 5,
810 1703 910 1741 hunc
923 1701 1080 1741 Luciani
1092 1701 1218 1741 locum
1233 1700 1448 1754 proferens:
1469 1703 1525 1740 ubi
1537 1702 1624 1740 male
1634 1703 1707 1754 qui·

446 1761 526 1796 dam
545 1758 615 1806 cufi
625 1755 744 1795 Πυθοῖ.
763 1756 933 1795 Eundem
947 1755 1038 1795 vide
1051 1768 1086 1808 p.
1101 1768 1189 1805 207.
1202 1755 1257 1794 At
1271 1754 1299 1794 fi
1313 1755 1426 1794 unius
1439 1755 1569 1794 literae
1581 1767 1707 1795 muta·

445 1812 551 1850 tione
564 1809 736 1849 vitiosam
757 1809 980 1862 scripturam
995 1808 1222 1861 expoliveris
1237 1806 1374 1856 Πειθοῖ,
1392 1807 1633 1861 praeferenda
1648 1809 1707 1849 vi·

445 1865 524 1904 deri
544 1863 665 1917 potest
687 1874 879 1916 receptae,
898 1873 1012 1915 atque
1027 1862 1075 1900 ab
1100 1862 1180 1915 ipso
1194 1862 1366 1901 Luciano
1380 1860 1568 1914 profeEta:
1591 1861 1704 1906 Pitho

444 1917 533 1957 sane
558 1919 597 1956 in
620 1917 804 1957 comitatu
827 1917 993 1968 Magnae
1016 1915 1148 1962 Deae,
1167 1916 1277 1955 cuius
1296 1916 1482 1969 μεγάλας
1501 1912 1586 1955 θεοῦ
1613 1917 1706 1957 κύνα

448 1970 697 2010 παντοὲαπὶιν
716 1970 856 2010 Panem
878 1970 1035 2016 vocavit
1054 1969 1235 2009 Pindarus
1256 1970 1356 2022 apud
1371 1968 1565 2009 Aristotel.
1584 1968 1702 2010 Rhet.

448 2025 501 2071 ΙΙ,
514 2039 550 2078 p.
563 2038 578 2062 1
592 2038 605 2062 1
617 2038 645 2064 1.
661 2024 825 2078 ideoque
838 2025 1049 2076 iunguntur
1060 2023 1098 2062 in
1113 2036 1155 2062 re
1176 2021 1279 2062 sacra
1295 2021 1479 2062 faciunda.
1501 2021 1709 2066 Demosthl

449 2083 514 2131 Πρ.
531 2085 628 2127 Δημ.
646 2077 793 2126 LXIII,
812 2076 989 2128 ἐθύσαμεν
1005 2076 1051 2116 δὲ
1069 2077 1134 2115 καὶ
1153 2075 1200 2126 τῇ
1218 2074 1411 2115 Πειθοῖκαὶ
1427 2075 1478 2127 τῇ
1499 2075 1616 2129 Μητρὶ
1631 2077 1705 2118 τῶν

445 2132 538 2172 θεῶν
552 2131 616 2170 καὶ
629 2131 682 2179 τῷ
694 2131 912 2172 Ἀπόλλωνι.
927 2127 1222 2171 Hermefianaffl
1235 2129 1456 2170 Gratiarum
1471 2143 1549 2170 una
1564 2129 1676 2171 Pitho
1689 2160 1705 2180 ‚

447 2184 539 2225 teste
553 2185 730 2225 Pausania
740 2185 796 2224 IX
806 2216 816 2234 ‚
836 2199 872 2236 p.
893 2183 983 2234 781.
1005 2184 1083 2223 Pan
1099 2197 1194 2223 vero
1216 2181 1353 2234 σεμνῶν
1367 2183 1531 2235 Χαρίτων
1542 2183 1706 2235 μέλημα

444 2239 615 2292 τέρπνον,
632 2238 736 2292 quod
757 2251 806 2278 ex
828 2238 991 2278 Pindaro
1013 2236 1159 2289 profert
1172 2235 1396 2277 Scholiastes
1415 2237 1496 2277 eius
1517 2237 1563 2277 ad
1585 2242 1632 2277 Π.
1660 2243 1708 2285 Γ,“

449 2306 534 2346 139.
551 2293 691 2340 Immo,
711 2305 758 2331 ne
772 2293 817 2332 de
829 2292 971 2344 nuptiis
982 2291 1081 2331 hisce
1093 2291 1157 2331 vel
1171 2292 1367 2331 minimum
1379 2291 1586 2338 dubitetur,
1597 2291 1709 2342 lynx

445 2342 556 2400 Panjs
569 2348 608 2386 δι
622 2345 747 2385 Pithfis
764 2345 861 2385 filia:
883 2346 1008 2385 Schol.
1024 2345 1219 2398 Lycophr.
1235 2345 1282 2384 ad
1299 2344 1492 2398 v;309‚‘H
1508 2343 1613 2397 Ἰὺγξ
1627 2358 1704 2397 yv-

443 2399 482 2441 νὴ
508 2401 545 2439 »iv
566 2400 750 2453 πρότερον,
773 2399 952 2452 θυγάτηρ
971 2398 1123 2438 Πειθοῦς
1138 2399 1157 2438 ii
1177 2396 1317 2450 Ἠχοῦς
1333 2398 1398 2437 καὶ
1419 2397 1552 2438 Πανός.
1575 2399 1703 2451 plures

446 2455 646 2493 annotavit
667 2454 776 2493 testes
794 2452 978 2493 Kusterus
997 2453 1043 2492 ad
1061 2452 1163 2492 Suid.
1183 2453 1221 2492 in
1232 2451 1351 2504 Ἰύγξ.
1373 2451 1504 2499 Echo,
1550 2464 1621 2496 uae
1631 2451 1706 2492 fibi

442 2508 500 2548 ius
518 2510 649 2548 matris
665 2508 792 2548 itidem
807 2507 994 2556 vindicet,
1014 2506 1106 2546 nihil
1119 2506 1179 2547 hic
1199 2519 1406 2546 moramur.
1426 2505 1506 2546 Iam
1541 2504 1703 2559 uspicari
