1748 3420
153 231 238 278 IN
285 230 730 278 DIALOGOS
782 231 1159 280 DEORUM.
1208 249 1301 300 257

76 319 158 361 ibid.
171 323 224 361 Ἐν
236 320 292 370 τῷ
305 321 504 375 Γαργάρῳ)
522 322 586 360 Ab
602 322 781 361 Homero
796 332 1011 369 mutuatur,
1031 322 1097 375 qui
1112 321 1222 376 saepe
1237 324 1303 364 Io·

26 387 116 416 vem
132 377 171 414 in
191 374 369 428 Gargaro
384 376 472 415 Idae
487 376 627 415 montis
641 375 787 414 vertice
802 375 982 414 collocat.
1004 375 1045 414 Il.
1060 382 1104 422 Θ,
1121 391 1170 425 47
1183 377 1302 419 ε”Ιέην

25 428 67 468 J⁹
87 427 211 468 ‘a'notvev
222 429 494 478 πολυπίδακα,
509 430 656 481 μητέρα
671 427 802 479 Βηρῶν,
814 433 1022 480 Γάργαρον,
1038 428 1121 468 ἔνθα
1133 431 1177 469 s&
1196 431 1226 470 οἱ
1239 433 1302 472 τέ-

25 495 131 534 μενος
151 481 272 531 βωμός
290 498 333 522 τε
349 482 486 522 θυήεις·
509 483 604 521 adde
628 487 659 519 Ξ
672 512 682 529 ,
707 495 782 531 292
795 511 806 529 ,
834 496 906 533 352
923 513 933 530 ‚
954 488 1006 528 O,
1025 495 1110 533 152.
1131 484 1301 524 Indidem

25 535 150 576 haufit
170 536 422 588 Epicharmus
445 537 481 575 in
503 535 631 576 fabula
645 534 835 581 Troibus‚
856 535 942 574 Ζεὺς
965 536 1063 586 ἄναξ
1084 537 1190 576 ναίων
1211 544 1234 576 Γ
1237 541 1301 590 dep·

27 591 118 644 0yoep’
133 590 192 641 ἀγ
200 590 342 638 έιννιφα·
359 591 468 629 locus
483 589 536 628 est
550 589 649 641 apud
664 589 843 628 Macrob.
856 589 1005 628 Saturn.
1018 591 1071 636 V,
1085 603 1119 628 c.
1141 604 1190 629 20
1201 622 1212 639 ,
1235 594 1301 632 ubi

26 643 148 685 multa
160 644 206 682 de
219 643 415 695 Gargaris.
432 643 553 682 Aram
564 643 672 681 Iovis
685 653 811 681 autem
826 643 862 680 in
873 642 1054 695 Gargaro
1064 641 1186 690 fuiffe,
1199 659 1302 696 prae-

26 707 86 739 ter
98 697 318 736 Homerum
332 696 486 735 testatur
501 697 617 736 etiam
635 695 823 735 Plutarch.
836 696 881 735 de
895 695 925 734 F
928 696 1020 735 lum.
1034 710 1069 749 p.
1083 710 1155 745 44:
1176 700 1302 752 napit-

30 765 156 791 κειται
173 748 327 799 suth&
344 750 615 803 (Scamandro)
632 749 795 801 ‘Apes’Un
807 779 819 795 ,
834 753 876 788 rb
893 748 1062 802 πρότερον
1078 750 1124 788 Σὲ
1147 750 1303 792 {nami-

27 819 72 845 το
87 805 294 857 Γάργαρον,
317 803 410 843 <ὅπου
427 808 514 843 Διὸς
537 805 600 842 καὶ
625 806 769 855 Μητρὸς
787 802 878 842 θεῶν
899 803 1014 852 βωμοὶ
1034 805 1302 856 τυγχάνουσι.

25 857 228 899 Familiare
244 857 367 911 poe'tis
379 870 601 910 cognomen
616 857 726 897 Iovis
739 856 788 895 ab
801 857 865 896 Ida
881 857 1056 896 ducium:
1074 858 1199 908 'lsaicp
1219 864 1303 912 Κρο-

27 912 116 954 νίωνι
133 912 175 951 Il.
195 916 226 949 Ω
241 941 252 958 ,
280 925 368 964 29¹.
382 911 504 951 Porro
518 911 696 963 Iuppiter
708 909 888 949 ἁπάντων
902 910 975 950 τῶν
990 911 1219 964 γιγνομένων
1233 927 1304 950 κα.

26 969 83 1006 τὰ
97 961 238 1019 οὗρανὶν
255 964 390 1018 κύριος,
408 966 548 1017 ’όμβρων
561 979 602 1003 τε
616 965 680 1003 καὶ
694 964 846 1017 βροντῶν
862 965 926 1002 καὶ
950 965 1132 1015 κεραυνῶν
1151 967 1215 1004 καὶ
1228 965 1303 1007 τῶν

28 1018 155 1060 ἄλλων
171 1018 241 1058 τῶν
256 1017 445 1064 τοιούτων,
461 1030 505 1057 ut
520 1018 686 1058 Diodor.
702 1019 755 1057 ait
770 1019 825 1066 V,
838 1032 873 1071 p.
890 1032 967 1071 234
983 1018 1028 1058 C.
1045 1032 1140 1072 quas
1152 1019 1205 1060 sui
1222 1033 1305 1060 mu-

0 1094 1 1100 *
29 1074 129 1114 neris
155 1083 280 1126 partes
295 1085 374 1112 non
390 1072 541 1112 infimas
555 1085 644 1111 cum
660 1073 709 1111 ad
727 1071 1000 1123 Ganymedem
1019 1086 1305 1114 commemorat

30 1126 233 1167 hominum
242 1138 348 1181 pater
365 1126 405 1165 δι
417 1139 498 1172 teir,
509 1126 653 1166 ‘iterum
666 1127 747 1166 eius
760 1125 946 1179 personae
961 1127 1155 1166 rationem
1169 1128 1304 1169 habet:

0 1179 2 1226 Ι
29 1180 112 1221 illas
127 1181 229 1220 enim
245 1181 346 1221 coeli
358 1181 592 1220 mutationes
606 1180 797 1233 agricolae
813 1179 936 1220 solent
949 1180 989 1219 δε
1004 1180 1172 1234 pastores
1184 1184 1304 1222 maxi-

30 1248 93 1276 me
115 1247 263 1274 curare.
283 1235 388 1274 Nota
408 1235 516 1274 Iovis
539 1235 707 1287 epitheta
728 1234 884 1283 Ὑέτιος,
909 1235 1094 1287 Βρονταῖος
1108 1266 1122 1281 ,
1143 1237 1304 1289 'Ao-rspo-

31 1289 148 1329 παῒος
162 1289 226 1329 vel
240 1287 526 1340 Ἀο-τεροπητής·
538 1289 584 1328 de
597 1290 722 1341 primo
734 1289 927 1336 dixerunt,
949 1289 1024 1327 hoc
1037 1289 1198 1328 Luciani
1211 1291 1304 1330 loco

30 1342 207 1387 adduao,
221 1343 338 1382 Brod.
354 1342 509 1383 Miscell.
523 1342 575 1390 ΙΙ,
589 1356 620 1382 c.
637 1357 702 1389 21,
716 1342 899 1383 Gataker.
915 1343 962 1381 ad
977 1343 1099 1383 Marc.
1109 1344 1304 1386 Antonin.

26 1397 116 1446 ',V,§
135 1411 175 1447 7,
188 1396 356 1449 Bergler.
374 1398 422 1435 ad
436 1396 610 1449 Alciphr.
625 1397 704 1442 111,
722 1397 790 1449 Ep.
807 1411 867 1449 35.
882 1397 1046 1435 HEMST.

12 1460 20 1482 Ι
85 1453 159 1489 ead.
175 1451 200 1489 l.
216 1465 229 1488 1
240 1466 273 1489 2.
285 1450 490 1504 Ὕπερανω)
505 1450 561 1490 Ita
574 1452 612 1490 S.
629 1450 670 1489 &
684 1450 735 1490 A.
748 1450 804 1489 At
814 1451 984 1503 reliquae
997 1451 1090 1503 ὑπὲρ
1104 1451 1192 1499 ἂνω,
1204 1465 1246 1493 ut
1263 1453 1307 1494 St

30 1503 125 1558 Ἐρμ.
140 1516 175 1544 c.
189 1505 252 1545 61.
268 1504 427 1544 sorim.
565 1551 588 1560 Ν

85 1562 159 1597 ead.
174 1560 197 1598 l.
219 1572 276 1607 14.
290 1556 544 1611 Ἀνῆρπασας,
562 1561 588 1597 ὠ
604 1556 769 1604 βασιλεῦ
783 1557 855 1598 τῶν
867 1557 978 1612 esav)
992 1556 1054 1598 Ita
1069 1561 1306 1602 recentiores

31 1611 224 1666 plerique:
239 1613 347 1652 aliter
360 1614 522 1652 Homer.
537 1612 642 1652 Iliad,
661 1617 707 1659 Ὺ,
721 1626 757 1651 v.
777 1627 852 1665 234
864 1643 876 1661 ‚
893 1615 959 1651 Τὸν
974 1613 1037 1650 καὶ
1056 1613 1306 1665 ἀνηρείψαντο

32 1667 108 1706 3εοῖ
133 1666 199 1706 Διῗ
220 1666 448 1718 οἰνοχοεύειν·
466 1678 506 1705 ut
529 1665 751 1706 observavit
771 1666 898 1706 Schol.
921 1665 1052 1719 Apoll.
1075 1667 1149 1705 Rh.
1168 1670 1214 1707 ad
1231 1668 1307 1718 111,

37 1735 80 1760 ιι
92 1734 123 1773 5.
141 1733 211 1761 nec
232 1720 396 1760 multum
412 1719 595 1768 discrepat
615 1720 752 1760 aucior
767 1721 913 1772 Hymn.
936 1720 977 1758 in
987 1721 1131 1760 Vener.
1145 1736 1186 1761 v.
1205 1735 1305 1776 209,

27 1773 165 1814 ’Ὅππη
188 1771 227 1813 οἷ’
243 1776 349 1826 φίλον
372 1774 444 1814 vibit
471 1773 661 1827 ἀνήρπασε
683 1778 823 1813 θέσπις
843 1774 982 1813 ἄελλα.
1013 1775 1248 1816 Echemenes
1267 1779 1308 1816 in

34 1827 193 1869 Creticis
204 1841 284 1868 non
298 1842 320 1868 a
337 1829 435 1868 Iove
453 1828 723 1880 Ganymedem
733 1859 745 1876 ,
763 1827 824 1867 sed
839 1841 860 1867 a
874 1828 1011 1867 Minoe
1032 1828 1138 1868 fuiffe
1153 1842 1307 1882 raptum

33 1883 183 1928 tradidit
194 1913 206 1931 ‚
226 1883 430 1922 Athenaeo
443 1882 538 1922 teste
552 1882 644 1922 XIII
656 1913 668 1928 ‚
688 1896 724 1935 p.
742 1883 814 1922 601
833 1881 872 1921 F.
890 1881 1089 1922 au&orem
1105 1897 1200 1935 ergo
1211 1884 1310 1925 Cre-

30 1936 162 1977 tenses
179 1936 437 1977 honestiorem
458 1936 619 1976 facinori
642 1937 767 1975 videri
782 1935 936 1989 poffunt
959 1935 1199 1990 inscripfiffe3
1217 1952 1307 1979 nam

35 1987 146 2031 Plato
164 1989 252 2030 sane
264 1990 430 2030 fabulam
447 1992 494 2030 ab
515 1992 558 2029 iis
572 1989 737 2030 manaffe
751 2001 882 2042 aperte
895 1988 1036 2030 fatetur
1050 1991 1096 2030 de
1115 1992 1187 2031 LL.
1203 1992 1244 2039 1,
1268 2007 1307 2047 p.
1327 2018 1329 2020 -

35 2045 115 2097 776
127 2045 169 2084 E.
189 2044 335 2085 πάντες
349 2045 392 2084 ἐξ
405 2045 451 2084 δὴ
469 2044 609 2097 Κρητῶν
625 2047 684 2083 τὶν
700 2046 782 2097 περὶ
797 2047 858 2084 τον
873 2042 1047 2094 Γανυμῆἓ
1051 2060 1069 2083 n
1088 2044 1200 2096 μῦθον
1213 2061 1308 2086 κατ-

37 2098 241 2152 ηγοροῦμεν
253 2130 264 2148 ,
293 2094 342 2138 ὦς
365 2102 697 2152 λογοποιησάντων
722 2098 870 2136 τούτων·
897 2111 1033 2137 verum
1067 2100 1308 2140 intercedunt

37 2151 307 2194 Chalcidenses
317 2184 329 2201 ‚
347 2165 418 2193 nec
434 2154 532 2191 tanti
546 2153 693 2192 decoris
706 2152 950 2205 privilegium
963 2153 1057 2206 eripi
1071 2152 1140 2192 fibi
1155 2155 1309 2206 patiun-

39 2216 119 2253 tur,
142 2207 354 2247 diGfitantes
376 2208 468 2257 παρ’
491 2202 620 2246 αὐτοῖς
641 2205 885 2253 ἄρπασῧῆναι
907 2210 969 2245 τὸν
992 2206 1213 2257 Γανυμήέην
1229 2212 1306 2248 ὑπο

39 2259 107 2300 τοῦ
116 2262 220 2309 Διὸς,
231 2261 297 2299 καὶ
307 2260 422 2301 τόπον
435 2260 643 2301 fream-(mec
655 2259 857 2313 Ἁρπάγιον
874 2258 1045 2307 καλοῦσι,
1058 2261 1092 2299 ἐν
1104 2258 1132 2306 ξι]
1147 2262 1209 2301 καὶ
1219 2277 1310 2316 μυρ-

41 2314 139 2354 σίναι
155 2314 320 2368 ἓιάφοροι
334 2314 561 2363 πεφύκασιν,
574 2327 617 2354 ut
629 2314 756 2353 scribit
768 2315 1007 2360 Athenaeus,
1024 2314 1065 2353 ἃ
1080 2315 1248 2357 Eustath.
1261 2317 1309 2356 ad

40 2368 85 2408 ΙΙ.
100 2374 132 2407 Ξ
143 2400 155 2417 ,
173 2377 210 2422 p.
231 2368 330 2422 986,
346 2383 386 2409 v.
403 2383 466 2417 40.
481 2369 660 2421 Longum
675 2367 776 2408 foret
789 2380 981 2414 enarrare,
997 2369 1088 2421 quid
1101 2383 1309 2422 quantum-

41 2435 118 2476 que
139 2434 290 2463 veteres
313 2423 352 2462 in
373 2423 445 2462 hac
464 2421 595 2462 &abula
609 2422 780 2461 varient:
801 2423 846 2461 de
862 2421 944 2473 ipso
966 2422 1065 2461 Iove
1082 2423 1120 2460 in
1138 2424 1308 2476 aquilam

43 2485 223 2523 mutato,
244 2476 351 2530 quod
373 2474 809 2517 accommodatiffimum
829 2475 1000 2515 instituto
1023 2474 1093 2515 suo
1116 2476 1309 2517 Lucianus

42 2529 98 2571 est
110 2530 306 2584 amplexus
318 2562 329 2577 ‚
348 2531 516 2570 multum
528 2530 652 2581 abest,
670 2540 713 2571 ut
733 2542 796 2570 res
816 2529 962 2583 liquido
977 2528 1144 2570 constet:
1165 2530 1250 2573 sunt
1268 2544 1310 2572 e·

123 2585 268 2626 Lucian.
302 2585 381 2626 Vol.
409 2585 463 2626 II.
1027 2583 1065 2622 R
