1748 3420
142 226 228 271 IN
271 223 712 272 DIALOGOS
764 224 1158 274 MARINOS.
1209 231 1298 292 369

47 308 144 361 Rep.
159 310 214 356 V,
227 324 264 363 p.
282 311 355 362 653
371 311 420 351 A.
440 308 574 350 Οὐκοῦν
592 312 656 349 καὶ
673 309 756 361 ἡμῖν
771 312 948 351 νευστέον·
972 312 1139 364 Hesych.
1159 313 1300 362 Νεῦσιν,

29 361 216 403 *πλεῦσιικ
234 365 467 413 Νευσὸμεθοι,
492 364 679 416 νηξόμεθοι.
707 364 845 414 Νευτὺς
867 365 953 416 (vel
975 368 1104 418 potius
1130 368 1300 421 νευστὴς)

45 413 293 465 κολυμβητῆς.
312 416 444 457 Νεῦσιν
460 418 572 456 habet
586 416 742 456 Aristot.
757 417 797 455 Z.
812 418 840 456 1.
864 419 918 465 V,
931 432 961 458 c.
978 420 1022 466 6,
1037 419 1102 459 τὴν
1122 420 1165 459 δὲ
1182 436 1299 461 νευσιν

45 466 66 510 ἧ
78 468 147 518 μὲν
163 469 225 508 ἐπὶ
238 473 282 508 τὸ
295 470 497 516 ’ὀπισῧενμῖ
515 470 560 509 δὲ
574 472 636 509 ἐπὶ
650 474 692 509 τὸ
708 471 835 519 στόμα,
847 471 1023 510 ποιεῖται·
1040 473 1080 512 &
1093 476 1148 511 τέι
1159 489 1303 513 verm-71-

45 524 97 561 κῖι
110 522 148 568 Ι,
161 534 194 561 c.
212 536 246 568 1,
267 523 414 563 &VIII
426 553 438 570 ,
455 536 488 563 c.
511 538 547 576 3,
563 523 578 561 ὁ
596 524 816 573 καλούμενος
827 524 940 575 κόραξ
953 526 1025 564 διε.
1042 528 1302 579 στεγανὸπους

46 574 92 615 δὲ
106 576 172 614 καὶ
189 577 389 615 νευστιιιὸς·
410 590 508 629 quae
524 577 633 629 plane
651 575 802 615 firmant
816 576 1027 616 Philostrati
1049 581 1226 618 νευστικοὶ
1246 581 1300 621 Ic.

43 627 85 674 Ι,
107 641 138 668 c.
149 628 185 667 8.
200 630 304 668 Hinc
319 631 359 670 &
371 630 482 668 ἐλέοοιι
500 631 650 669 νευστοιὶ
665 631 701 668 in
717 630 873 682 Lexiph.
889 630 904 679 §
926 644 984 683 13,
1001 643 1100 683 quae
1118 632 1207 671 alias
1222 634 1300 672 ἀλ-

40 681 169 732 μέιδες
193 682 257 721 vel
278 682 530 732 κολυμβάδες·
554 683 690 723 ibidem
712 682 760 735 §3
779 713 787 727 ‚
811 683 994 722 ridiculus
1016 685 1300 726 vocabulorum

44 734 266 775 Atticorum
279 735 512 789 constipator
532 736 643 775 habet
658 734 854 775 διανεῦσαι
869 736 903 776 ἐν
920 737 972 785 τῷ
990 733 1119 777 ὕδατι.
1142 739 1300 778 Themi-

45 787 136 827 stius
150 788 358 841 eleganter:
378 793 441 828 τὸν
461 789 529 839 μὲν
545 789 592 829 δὴ
611 792 788 840 ἐμμισὲιον
807 789 982 837 σοφιστὴν
994 791 1109 839 μόλις
1129 806 1209 830 πως
1226 793 1299 845 ἄρα

39 841 339 892 διανενεύκαμεν.
351 842 422 882 Or.
436 842 578 888 XXIII,
593 856 627 894 p.
645 856 719 894 297
733 843 775 881 B.
785 843 884 882 Suid.
897 842 1300 893 Διανενεὺιιοιμεν,ἁντὶ

40 892 109 934 τοῦ
119 895 369 948 ἑπεροὶνθημεν.
390 897 428 935 in
440 895 636 947 Hesychio
652 895 921 936 restituendum
935 927 946 944 ‚
969 894 1189 943 Διανεῦσαι,
1209 898 1300 938 διοι-

40 947 212 988 meam
224 979 236 998 ,
252 962 324 1001 pro
341 947 566 990 Διανοιῦο-οιι.
581 949 828 1002 Προσένευο-οιν
842 950 1004 1000 reperies
1023 950 1122 1002 apud
1134 950 1300 1002 Thucy-

25 1001 112 1053 ·did.
128 1001 204 1049 111,
217 1015 300 1054 cap.
330 1016 343 1040 1
356 1017 413 1042 12.
433 1002 559 1042 Schol.
575 1002 857 1055 προσέπαυο-οιν’
875 1003 982 1041 cuius
1000 1003 1169 1042 lectionis
1194 1004 1301 1045 labes

40 1055 136 1094 alios
151 1056 190 1094 in
207 1068 376 1095 errorem
396 1056 569 1103 deduxit3
586 1056 852 1108 corrigendum
874 1057 973 1095 enim
986 1084 997 1103 ‚
1021 1056 1089 1095 nifi
1105 1067 1229 1096 totum
1245 1072 1301 1098 re-

40 1109 164 1148 cidere
181 1122 269 1149 cum
283 1109 380 1149 Cod.
395 1108 492 1149 Caff.
509 1109 628 1158 malis,
645 1109 949 1161 προσέπλευσαν,
961 1109 1126 1162 utsupra
1140 1110 1300 1152 πλεῧσις

39 1174 89 1201 ex
104 1162 271 1214 Hesych.
289 1164 394 1215 quod
407 1163 458 1203 est
471 1176 519 1203 ex
534 1162 602 1203 usu
623 1163 879 1202 recentiorum
898 1163 1141 1203 Graecorum
1154 1194 1164 1211 ‚
1189 1169 1300 1204 adna-

40 1227 165 1255 tarunt.
187 1217 312 1256 Immo
335 1216 455 1270 ipsum
486 1217 580 1255 illud
603 1217 778 1268 ἑξένευσα
789 1215 842 1255 est
863 1217 900 1255 in
924 1217 1109 1270 Euripidis
1127 1217 1241 1269 Cycl.
1258 1234 1299 1260 v.

44 1281 130 1322 573.
140 1268 204 1309 Ὡς
212 1269 382 1322 ἐξένευσοι
389 1271 520 1324 μόγις,
532 1271 710 1322 grandem
720 1269 855 1309 scilicet
866 1269 977 1309 istum
989 1270 1158 1316 calicem,
1168 1285 1298 1324 quem,

40 1322 177 1374 Ulyffe
191 1323 394 1377 praebente
406 1355 417 1373 ‚
435 1325 576 1364 Bacchi
590 1324 738 1363 ne&are
751 1324 904 1375 plenum
916 1324 1090 1377 Cyclops
1102 1325 1296 1367 eduxerat.

39 1376 198 1430 Hippoi.
220 1392 259 1418 v.
272 1391 363 1427 470,
382 1400 427 1407 —
443 1377 525 1417 πῶς
546 1377 590 1417 ἂν
606 1376 777 1418 ἐκνεῦσαι
801 1376 947 1425 δοκοῖς;
971 1379 1037 1416 ubi
1053 1379 1140 1417 vide
1155 1379 1299 1420 Barne-

39 1428 148 1470 fium.
174 1430 414 1483 Hesychius:
447 1430 641 1471 Ἐκνεὺο-οις
652 1460 663 1479 ,
693 1430 992 1482 ἐκκολυμβήσας.
1026 1433 1218 1484 Ποιροινέων
1243 1434 1299 1484 τῷ

43 1482 181 1532 σκάφει
206 1485 371 1525 occurrit
391 1486 430 1524 in
455 1483 528 1538 seq.
545 1484 646 1524 Dial.
668 1485 833 1524 HEMsr.

95 1540 167 1576 ead.
184 1538 207 1577 l.
223 1552 282 1591 15.
298 1538 596 1590 Τετραποδιστὶ)
620 1539 710 1578 Hoc
728 1551 797 1578 cur
820 1537 926 1592 apud
944 1537 1096 1577 Suidam
1113 1539 1299 1581 Kusterus

44 1591 171 1640 malit,
194 1605 308 1644 quam
323 1591 603 1644 τετραποδιστὶ,
629 1592 695 1630 ubi
709 1591 819 1631 locus
830 1591 951 1630 exstat
963 1591 1116 1645 peffime
1143 1593 1273 1634 versus
1285 1624 1297 1643 ,

41 1644 152 1685 causa
167 1646 220 1684 est
237 1645 360 1685 nulla:
385 1658 591 1699 utrumque
604 1645 658 1684 est
677 1658 802 1698 aeque
817 1645 1006 1698 probum:
1026 1646 1215 1697 posterius
1230 1661 1297 1687 au-

41 1708 118 1738 tem
136 1699 265 1739 eadem
287 1698 434 1744 forma,
449 1712 549 1752 qua,
566 1698 672 1752 quod
689 1698 834 1753 saepius
847 1699 948 1751 apud
962 1699 1145 1738 Nostrum
1162 1713 1299 1740 occur-

43 1753 112 1800 rit,
137 1753 378 1806 ἀκροποδητί.
409 1752 562 1792 Dicitur
586 1753 696 1792 etiam
716 1751 1017 1806 τετραποδηδὸν.
1036 1752 1229 1806 Aristoph.
1257 1756 1298 1795 in

42 1805 125 1846 Pac.
139 1821 178 1846 v.
195 1806 283 1859 896.
300 1819 398 1860 quae
409 1807 541 1846 Suidas
554 1807 667 1845 habet
678 1807 715 1844 in
731 1819 780 1846 eo
796 1806 994 1846 vocabulo
1007 1806 1048 1846 δι
1063 1807 1299 1855 Σκιάποδες,

41 1860 243 1913 depromta
259 1859 345 1900 sunt
363 1873 384 1900 e
403 1859 557 1901 Comici
578 1859 705 1900 Schol.
729 1861 775 1899 ad
791 1860 866 1900 Av.
884 1874 921 1898 v.
947 1873 1058 1913 1552.
1080 1860 1206 1900 Vetus
1227 1862 1299 1902 So-

41 1914 189 1968 phoclis
206 1914 503 1954 Commentator
523 1914 570 1952 ad
584 1912 739 1953 Philo&
757 1926 795 1953 v.
813 1926 913 1964 704:
942 1911 1078 1954 νήπιος.
1100 1913 1197 1954 παῖς
1210 1913 1297 1955 ἄνευ

41 1964 179 2008 τιθήνης
200 1967 486 2021 τετραποδηδὸν
506 1967 679 2018 βαδίζων.
702 1968 818 2020 Apud
835 1967 1006 2018 Etymol.
1032 1967 1069 2005 in
1083 1967 1246 2009 Στέιδιον
1260 1982 1298 2022 ρ.

43 2033 118 2074 743
133 2021 185 2061 est
194 2021 470 2075 τετραποδιστὶ
483 2024 525 2060 τὸ
543 2021 671 2060 πάλαι
688 2020 998 2072 περιπατοῦντες.
1021 2020 1182 2060 HEMST.

97 2076 187 2127 Pag.
206 2077 292 2115 108.
307 2077 378 2124 l.4.
398 2074 702 2128 Κυνοπρόσώπος)
718 2075 855 2113 Anubis
867 2075 1021 2114 latrator.
1033 2073 1114 2115 Ov.
1124 2075 1218 2116 Met.
1228 2074 1298 2125 IX,

43 2128 133 2182 689.
159 2129 316 2169 SOLAN.

96 2186 170 2222 ead.
184 2185 208 2222 l.
226 2196 257 2235 5.
271 2177 361 2222 “O-te
374 2182 467 2234 &c.)
484 2181 543 2221 Sic
558 2193 692 2221 omnes
711 2181 807 2220 libri.
828 2180 984 2221 SOLAN.

46 2243 58 2251 '
97 2239 168 2275 ead.
178 2237 200 2275 l.
216 2251 231 2275 1
245 2251 275 2290 5.
290 2240 336 2274 T‘o
347 2233 524 2277 τῆςἸνοῦς
533 2235 597 2288 π.)
615 2235 864 2274 Melicertam.
879 2233 1000 2275 Ovid.
1016 2233 1110 2274 Met.
1121 2234 1196 2285 lv,
1214 2246 1302 2290 520.'

45 2290 204 2331 SOLAN.
763 2290 767 2293 ’

95 2348 169 2384 ead.
183 2345 207 2383 l.
226 2343 284 2383 16.
299 2343 392 2383 Ἀπὸ
406 2342 478 2383 τῶν
494 2341 734 2395 Σκιρωνίδων)
750 2342 894 2395 Hygin.
912 2340 953 2379 F.
968 2340 1205 2387 XXXVIII,
1224 2343 1300 2382 Sci·-

43 2399 134 2438 ronis
142 2410 276 2450 petrae.-
295 2397 362 2436 ubi
382 2398 471 2437 vide
494 2396 751 2436 Munckerum
763 2426 776 2442 ,
792 2396 859 2448 qui
874 2394 1000 2447 forsan
1014 2396 1054 2433 in
1070 2395 1234 2447 Hygino
1250 2413 1299 2435 re-

38 2453 239 2506 stituendum
258 2464 441 2497 monens,
458 2451 646 2489 Scironides
653 2460 766 2503 petrae
775 2479 788 2495 ,
812 2449 1016 2501 prudenter
1035 2448 1157 2495 addit,
1181 2464 1300 2500 quam*

45 2521 146 2559 quam
160 2521 228 2544 non
245 2506 342 2543 valde
353 2507 395 2558 est
410 2503 549 2556 neceffk:
569 2516 657 2542 nam
674 2503 923 2556 Marcellinus
934 2502 1048 2542 etiam
1063 2501 1127 2541 lib.
1142 2502 1252 2550 XIV,
1265 2517 1302 2557 p,

131 2559 273 2600 Lucian.
308 2560 385 2599 Vol.
413 2558 465 2598 II.
741 2587 745 2590 -
984 2555 1021 2593 Α
1039 2568 1062 2594 a
