1748 3420
447 249 541 309 384
646 244 1513 293 ANNoTATloNES

443 333 598 371 minime
617 333 777 372 dubium
794 333 863 373 est:
883 334 931 372 ita
950 332 1145 386 scripsisse,
1167 335 1254 386 quis
1268 347 1338 386 pro
1352 346 1460 374 certo
1479 333 1705 376 affirmabit?

444 386 485 424 V
488 386 656 438 ulgatam
672 386 874 426 lectionem
896 398 1028 426 tuetur
1045 386 1265 426 observatio
1281 387 1308 425 l
1323 387 1432 427 lensii
1447 388 1493 427 ad
1508 388 1707 428 Hermoti-

444 440 499 477 mi
520 440 678 479 initium.
707 441 797 479 Hoc
815 453 949 480 eorum
968 441 1004 478 in
1025 452 1188 479 numero
1203 453 1374 493 repono,
1395 441 1441 480 de
1457 441 1594 493 quibus
1612 441 1707 494 quid

443 491 592 531 auctori
615 493 801 545 placuerit
830 493 979 546 liquido
998 493 1170 533 constare
1191 506 1269 533 non
1293 493 1437 545 potest3
1462 494 1580 534 veluti
1609 507 1706 534 mox

443 546 596 598 ἀπέφρα
599 548 672 585 ττέ
683 561 746 596 μοι
763 547 854 585 τὶν
838 562 918 608 ρουν
937 547 1056 586 nihilo
1070 545 1172 586 foret
1183 548 1360 595 deterius,
1375 546 1402 585 fi
1415 562 1487 597 μου
1506 547 1708 607 legeretur.

444 599 570 638 Modo
588 612 676 638 ante
690 612 762 652 pro
775 599 982 652 τραύματα
999 600 1082 646 cui,
1096 600 1212 652 paulo
1225 601 1378 660 quidem
1393 600 1607 646 attentiori,
1626 613 1706 640 non

444 654 605 692 veniant
626 654 663 692 in
678 663 842 692 mentem
862 667 1072 703 καυματα;
1098 665 1179 693 tum
1200 655 1288 714 quia
1303 653 1489 705 praecedit
1511 654 1708 699 κατάσβε-

446 721 526 754 σον,
540 719 626 746 cum
640 719 721 759 quo
737 707 834 746 haec
843 719 922 746 vox
937 705 1120 759 aptiffime
1130 708 1330 759 congruit3
1353 718 1433 745 tum
1450 707 1556 759 quod
1572 705 1707 760 sequa-

444 771 523 807 tur,
535 762 593 798 τίς
605 774 647 799 σε
663 762 922 807 κατέκανε-εκ
943 773 1041 812 quae
1053 761 1329 812 cogitationem
1340 760 1496 799 Luciani
1516 773 1565 800 eo
1579 761 1618 800 in
1631 774 1707 801 vo-

441 813 582 852 cabulo
595 812 758 865 defigere
774 813 852 852 fere
868 789 1031 853 de’buiffe
1051 814 1167 853 dicas.
1194 813 1254 852 hic
1266 825 1368 852 certe
1382 814 1507 854 multo
1521 814 1708 867 probabi-

440 867 514 906 lius
529 867 630 906 illam
646 866 906 906 coniecturam
922 867 1098 906 adhibere
1112 867 1220 913 licet,
1239 880 1353 919 quam
1370 865 1461 906 fecit
1475 866 1675 920 Cuperus
1666 880 1707 907 m

441 921 610 960 Timone
623 933 705 980 cap
728 935 761 959 2.
777 921 913 972 Neque
929 931 1055 960 tamen
1070 933 1118 960 eo
1134 920 1243 960 facile
1260 919 1507 969 descendero,
1524 931 1568 960 ut
1587 933 1609 959 a
1623 921 1708 961 No-

441 974 520 1014 stro
549 988 757 1026 τραυματα
782 972 966 1034 proficisci
994 987 1073 1012 non
1098 973 1260 1025 potuiss'e
1285 974 1535 1014 contendam:
1561 974 1607 1013 ad
1632 974 1708 1014 Ti-

442 1041 598 1067 monem
615 1040 658 1066 ea
672 1029 917 1073 notavimus,
930 1040 1030 1078 quae
1042 1027 1088 1066 ab
1099 1028 1168 1067 hac
1183 1027 1344 1067 lectione
1359 1027 1589 1068 defendenda
1604 1027 1706 1068 haud

438 1081 595 1135 prorsus
615 1081 1025 1120 abhorrenr.H1-:Msr.

498 1136 587 1187 Pag
605 1133 860 1186 115.l.1.T²55
872 1134 1047 1186 Θετιὲσς)
1067 1133 1204 1173 Parum
1219 1134 1422 1173 commode
1438 1133 1550 1173 Thetis
1563 1134 1603 1174 &
1616 1150 1707 1174 mare

443 1177 612 1227 diversae
635 1187 746 1227 fiunt.
776 1189 892 1227 Certe
910 1188 1096 1240 Virgilius
1106 1188 1259 1228 Thetidi
1280 1200 1383 1228 mare
1402 1187 1558 1227 tribuit:
1589 1189 1707 1228 Thetis

442 1253 527 1280 emat
544 1242 696 1280 omnibus
710 1242 822 1280 undis.
849 1220 1007 1281 SOLANtf

495 1296 569 1334 ead.
587 1295 609 1333 l.
626 1294 662 1333 8
677 1293 880 1347 Μυῤῥίκας)
898 1294 1025 1348 Lege'
1017 1295 1154 1334 ἔκαυσε
1169 1296 1236 1345 μὲν
1251 1297 1322 1334 τὰς
1336 1294 1506 1334 πτελέας
1522 1294 1587 1334 καὶ
1602 1296 1707 1348 μυρί-

441 1362 526 1389 κας.
549 1348 608 1388 Ex
622 1349 800 1387 Homero
820 1348 964 1396 hausit,
989 1350 1054 1401 qui
1079 1348 1178 1387 Iliad.
1200 1353 1249 1393 Φ,
1268 1362 1304 1387 v.
1351 1361 1417 1402 50:
1444 1348 1592 1387 Καίοντο
1609 1364 1707 1389 ττε·

441 1404 529 1442 λεἀι
551 1416 593 1442 τε
618 1417 683 1441 και
707 1401 807 1442 ἰτέαι
828 1400 895 1442 nse
916 1405 1069 1455 μυρίκαι
1085 1401 1158 1442 &c.
1185 1404 1323 1453 Τείροντ
1361 1403 1555 1455 ἐγχελυές
1575 1417 1618 1442 τε
1639 1403 1707 1444 καὶ

440 1455 584 1508 ἰχθύες.
609 1455 784 1496 GRAEv.

494 1513 568 1549 ead.
589 1510 612 1548 l.
646 1523 704 1548 11.
730 1509 824 1547 Ὑπο
849 1523 921 1548 των
942 1508 1211 1561 ἐκκαυμάτων)
1241 1507 1458 1548 Herculis’
1443 1511 1705 1562 εγκαὺματα,

439 1576 539 1622 quae
557 1562 742 1603 ustulatus
766 1563 813 1602 ab
828 1562 932 1602 Oeta
947 1574 1079 1602 monte
1102 1563 1285 1601 detulerat
1309 1564 1346 1601 in
1360 1563 1538 1611 coelum,
1561 1563 1706 1605 sanaffe

440 1621 480 1657 ie
497 1617 684 1670 gloriatur
696 1615 944 1677 Aesculapius
957 1615 1220 1665 o.A.X111,§
1237 1631 1271 1656 2.
1292 1617 1427 1656 Utram
1447 1614 1628 1657 scribendi
1644 1631 1706 1657 ra-

439 1671 584 1710 tionem
599 1670 788 1723 sequaris,
815 1683 896 1710 non
909 1671 960 1709 ita
977 1670 1140 1710 multum
1155 1669 1289 1709 refert:
1308 1683 1540 1723 quamquam
1560 1670 1707 1732 {yatad-

438 1739 555 1776 ματα
578 1737 734 1777 proprie
753 1735 945 1764 vocentur
965 1724 1044 1763 ἀπο
1067 1722 1135 1762 τοῦ
1156 1723 1324 1775 ἐγκαίειν
1350 1734 1464 1763 notae
1485 1724 1624 1764 velut
1616 1737 1705 1778 igne

435 1777 603 1830 fignatae
617 1789 733 1831 atque
751 1777 910 1824 inustae,
928 1788 971 1816 ut
985 1777 1143 1817 literatis
1154 1776 1273 1817 servis
1290 1776 1396 1816 solet.
1412 1777 1578 1817 Noster
1569 1791 1610 1817 1n
1627 1778 1705 1818 Ca·

441 1832 532 1895 tapl.
553 1845 584 1871 c.
601 1845 671 1880 24:
693 1832 759 1870 καί
775 1845 830 1871 τοι
844 1829 1029 1879 71703703
1050 1831 1139 1894 ἰχνη
1157 1831 1224 1880 μὲν
1241 1845 1303 1870 και
1318 1831 1457 1880 σημεῖα
1471 1830 1545 1870 τῶν
1537 1832 1706 1896 ἐγκαυ-

440 1887 586 1935 ματων
603 1900 666 1923 ουκ,
681 1880 772 1923 οἰδα
787 1885 846 1923 <lm
839 1886 937 1924 ὁπως
950 1882 1225 1947 ἐξαληλιπται,
1240 1885 1390 1935 μᾶλλον
1403 1883 1477 1923 s‘e’
1463 1885 1704 1927 εκκέκοπται.

443 1939 689 1997 Τρυσίππειον
703 1938 964 1990 Etymologus
983 1938 1143 1991 exponit
1157 1937 1341 1991 ἔγκαυμα
1351 1936 1474 1977 ἵππου
1486 1952 1567 1992 7⁵⁶7
1575 1939 1705 1992 κρακό-

438 2006 505 2032 τος
517 1992 579 2031 ἐπὶ
593 2006 660 2031 της
673 1990 825 2045 γναθου,
840 1992 951 2045 quale
963 1991 1220 2040 Anacreonti,
1237 1991 1300 2031 vel
1316 1992 1384 2044 qui
1399 1991 1600 2052 personam
1621 1993 1704 2034 eius

437 2047 637 2093 mentitur,
650 2049 762 2111 πυρος
775 2060 974 2105 χαραγμα
988 2046 1210 2084 nominatur
1223 2044 1299 2084 Od.
1313 2045 1397 2084 LV.
1420 2045 1549 2085 Plato
1541 2059 1579 2085 m
1595 2046 1704 2088 Tim.

436 2113 477 2152 p.
497 2113 592 2165 1045
611 2096 690 2138 F.‘
676 2096 780 2138 ὥστε
800 2102 869 2138 ωὀν
883 2098 1121 2152 ἐγκαύματα
1141 2113 1203 2148 μοι
1220 2098 1457 2138 ανεκπλύτου
1477 2113 1622 2153 ’γραφῆς
1637 2098 1706 2150 ξιι-

436 2153 533 2203 μονα
560 2167 623 2203 μοι
652 2153 806 2205 γέγονε.
838 2152 1054 2192 Chalcidius
1080 2163 1245 2191 mentem
1269 2151 1486 2214 philosophi
1510 2153 1702 2195 reddidisse

438 2218 643 2247 contentus
661 2206 781 2245 verba
799 2218 880 2245 non
895 2207 1180 2246 annumeravit.
1201 2207 1351 2269 Forsque
1364 2207 1462 2246 etiam
1473 2209 1565 2260 quod

436 2260 483 2311 sa
491 2261 583 2310 senis
598 2260 632 2298 G·
645 2259 708 2309 aff
706 2263 775 2299 dua
790 2261 904 2298 relatio
915 2275 1076 2299 meracam
1089 2261 1279 2313 quandam,
1293 2261 1328 2299 δ’
1326 2250 1554 2312 znobsbletam
1566 2260 1703 2314 impres

427 2314 516 2367 serit
527 2314 638 2352 animo
648 2326 784 2352 notam.-
799 2314 862 2353 cui
873 2312 1027 2353 lectioni
1041 2326 1119 2353 non
1133 2313 1252 2352 malae
1264 2314 1418 2366 quidem
1431 2312 1559 2353 nescio
1571 2325 1699 2354 tamen

437 2380 488 2406 an
503 2366 744 2407 anteferenda
757 2366 822 2412 sit,
843 2380 974 2428 quam·
971 2366 1010 2406 su
1043 2368 1180 2420 peditat
1199 2366 1296 2407 Cod.
1311 2367 1657 2411 Bodl.1‘nabolitam
1644 2384 1701 2407 m·-

428 2421 572 2473 fecerit,
597 2434 646 2460 eo
664 2419 734 2460 usu
757 2421 888 2467 verbi,
913 2421 978 2473 qui
995 2381 1042 2460 ag
1066 2420 1276 2460 inficiendis
1295 2421 1409 2467 lanis,
1429 2421 1530 2461 unde
1545 2421 1586 2460 &
1601 2422 1704 2460 lana-

437 2490 511 2514 rum
526 2473 695 2525 infeffom
713 2474 858 2520 Plinio,
877 2474 1012 2513 duetus
1027 2473 1103 2513 est.
1125 2486 1227 2514 certe
1238 2473 1502 2515 videturPlato
1514 2474 1699 2528 loquendi

435 2527 641 2569 formulam
651 2528 699 2568 ab
712 2527 780 2568 illo
793 2528 967 2581 pingendi
979 2528 1098 2568 modo
1107 2557 1119 2578 ,
1133 2529 1200 2581 qui
1214 2541 1340 2569 ceram
1355 2529 1483 2579 inurit,
1496 2527 1700 2578 derivasse3
