1748 3420
130 202 208 248 IN
241 200 644 249 DIALooos
682 202 1190 248 MORTUORUM.
1225 218 1318 265 439

56 289 212 341 periculi
237 288 444 341 pleniffima
459 291 499 329 δι
516 291 583 330 vix
600 288 778 328 tentanda
790 319 803 335 ‚
821 289 1020 328 κατέναντι
1039 290 1180 328 λέοντος
1206 290 1321 341 νεβρὸν

56 340 206 381 ἐλθόντα
227 343 357 394 μοῖραν
372 343 559 396 αἱρεῖσθαι
574 342 690 395 κρεῶν,
708 355 750 381 ut
763 342 814 382 est
830 344 866 381 in
880 342 1083 382 Charmide
1097 343 1263 382 Platonis
1281 357 1320 396 p.

59 395 135 448 463
151 395 194 434 E.
203 395 277 435 hoc
287 409 335 434 ex
349 409 426 449 qua
438 396 564 436 fabula
574 396 780 440 derivetur,
793 395 996 436 obscurum
1012 408 1088 434 non
1101 396 1153 435 est
1165 410 1173 435 :
1191 397 1252 435 illa
1262 408 1321 435 ta-

58 460 163 493 men,
179 449 215 487 ni
229 448 353 496 fallor,
366 450 415 489 ab
427 449 663 490 Archilocho
673 448 852 488 sumserat
865 449 985 488 Plato.
1003 449 1172 501 Explicat
1183 451 1319 490 Lucia-

57 501 97 539 ni
118 501 248 541 locum
275 502 415 541 Erasm.
443 503 540 542 Chil.
563 504 601 542 in
622 504 804 541 Hinnulus
826 504 958 542 leonem.
981 503 1141 541 Hmsr.
1166 503 1317 544 Fallor:

57 552 186 593 sumsit
201 555 249 594 ab
265 556 348 609 ipso
361 556 484 596 Critia
498 556 616 606 Plato,
626 567 671 595 ut
684 555 772 596 loco
786 556 1004 609 diligentius
1015 555 1183 609 inspecto
1197 558 1318 596 mani-

59 606 149 647 feste
168 621 279 661 patet.
303 609 432 650 IDEM.

112 665 184 700 ead.
197 663 223 701 l.
240 664 298 701 16.
314 663 636 717 Κατασοφισὲνεὶς)
650 662 720 703 Ms.
734 662 1030 712 κατασοφισθεὶς
1046 662 1189 710 ἀθλίως,
1206 663 1317 714 misire

58 715 221 766 deceptus.
238 716 450 769 Vulgatus:
466 717 762 766 κατασοφισῦεὶς
777 716 792 755 ὃ
806 717 942 756 ἄθλιος.
967 716 1140 757 GRAEV.

113 769 204 822 Pag.
224 771 344 820 150.l.
361 785 394 809 2.
419 771 567 810 Θέσῧαι
589 767 771 810 Σιαθῆκας
795 770 832 810 ἐς
845 773 886 808 τὸ
909 773 1079 820 φανερὸν)
1104 768 1316 808 Institutio-

58 833 146 861 nem
158 823 255 861 hanc
266 822 339 862 effe
352 836 501 876 puram,
515 835 631 875 atque
646 825 742 862 adeo
755 836 955 876 perperam
972 822 1100 862 referri
1117 823 1161 861 ad
1180 835 1242 861 eas
1262 824 1318 861 in-

58 874 295 924 stitutiones,
311 889 406 929 quas
425 877 485 916 lex
508 888 626 916 vocat
638 878 868 930 captatorias‚
891 877 1002 916 docet
1026 875 1180 928 ampliff.
1206 876 1317 926 Byn-

59 928 312 973 kershoekius
331 931 376 969 de
391 929 541 983 Captat.
561 930 645 970 inst.
660 944 690 970 c.
704 932 759 977 V,
775 945 810 982 p.
831 944 916 983 319·
928 930 1007 969 Lex
1022 940 1124 968 certe
1140 930 1185 968 de
1197 930 1316 968 animi

60 980 207 1022 secreto
221 995 299 1022 non
315 984 474 1023 iudicat:
502 997 639 1023 verum
653 984 791 1024 Noster
805 984 879 1023 hoc
898 996 1056 1036 quoque
1068 996 1188 1036 genus
1213 981 1316 1021 insti-

59 1037 223 1075 tutionis
233 1037 348 1076 hamo
358 1036 541 1076 subtiliter
551 1037 745 1077 obvoluto
760 1038 795 1076 in
801 1036 939 1076 struc‘m
945 1051 996 1084 m,
1008 1037 1074 1076 etsi
1085 1037 1224 1076 dirthe
1236 1049 1319 1075 non

58 1089 266 1129 incurreret
285 1091 324 1128 in
339 1091 462 1143 leges,
482 1091 527 1130 ad
546 1090 708 1143 speciem
724 1091 976 1143 captatoriam
994 1090 1143 1138 retulit,
1167 1089 1317 1128 senten-

59 1143 148 1182 tiam
166 1142 476 1195 probissimorum
493 1144 579 1184 suae
594 1146 726 1184 aetatis
749 1144 949 1184 hominum
970 1143 1131 1184 secutus.
1152 1144 1214 1183 Sic
1229 1157 1316 1182 mu·

60 1207 149 1235 tuae
159 1200 366 1250 coniugum
379 1197 633 1238 institutiones
642 1200 817 1251 quamvis
829 1199 909 1237 iure
919 1198 1076 1251 publico
1088 1210 1166 1236 non
1179 1198 1317 1249 impro-

61 1250 263 1298 babantur,
287 1263 463 1304 poterant
475 1252 574 1291 enim
590 1254 692 1291 veris
705 1251 972 1291 affeffionibus
985 1251 1108 1290 videri
1122 1263 1317 1303 provoca-

61 1313 140 1350 tae,
150 1306 241 1357 quia
257 1317 395 1352 tamen,
408 1304 435 1344 sl
451 1318 578 1345 mores
590 1305 701 1345 seculi
715 1305 928 1345 maculosos
942 1305 962 1343 s
959 1304 1139 1357 pefiares,
1151 1305 1316 1356 plerum-

60 1359 186 1410 quein
202 1357 448 1411 suspicionem
464 1360 676 1399 incidebant
690 1359 936 1399 insidiatoriae
954 1359 1120 1398 malitiae
1132 1390 1142 1406 ,
1156 1371 1315 1410 gravem

61 1411 256 1450 bonorum
275 1411 604 1466 honestorumque
626 1414 827 1452 hominum
846 1413 1166 1464 vituperationem
1191 1411 1315 1451 subie-

62 1476 163 1504 runt.
176 1465 368 1505 Ammian.
379 1467 549 1507 Marcell.
561 1467 749 1514 XXVIII,
759 1482 796 1515 4,
807 1481 841 1519 p.
860 1467 903 1517 58
914 1481 925 1503 1
945 1479 953 1505 :
973 1467 1074 1504 Parte
1084 1466 1154 1504 alia
1162 1481 1262 1512 uxor,
1276 1477 1318 1504 ut

57 1521 268 1572 proverbium
286 1521 432 1572 loquitur
442 1532 553 1567 vetus,
567 1524 700 1560 eandem
711 1522 861 1559 incudem
875 1521 932 1559 diu
945 1523 1103 1572 nobilique
1122 1522 1288 1558 tundendo
1301 1549 1314 1567 ‚

63 1573 221 1612 maritum
235 1576 348 1626 testare
360 1575 538 1627 compellit,
549 1576 672 1627 hocque
683 1575 765 1613 idem
778 1588 817 1613 ιιι
824 1574 939 1625 faciat
952 1589 1052 1621 uxor,
1066 1585 1157 1626 urget
1170 1574 1317 1611 maritus

62 1627 239 1680 instanter:
255 1628 307 1666 ibi
321 1627 493 1667 Valesius
509 1628 610 1668 hunc
622 1628 779 1668 Luciani
798 1628 927 1667 locum
941 1627 1120 1680 protulit,
1135 1628 1318 1678 interpre-

61 1690 164 1720 tatus
177 1683 315 1720 θέο-δαν
326 1683 398 1720 τὰς
411 1678 591 1721 &interime
605 1682 641 1721 ἐς
651 1684 693 1720 τὸ
709 1683 873 1734 φανερὸν,
891 1683 1112 1734 testamentum
1124 1681 1152 1719 ei
1170 1682 1314 1732 ostende-

62 1749 112 1773 re.-
129 1734 302 1787 praefero
313 1734 458 1775 sensum
473 1735 589 1788 paulo
601 1736 839 1788 ampliorem,
850 1737 886 1773 in
895 1735 1062 1788 publicum
1069 1733 1229 1787 proferre,
1240 1749 1321 1773 cum-

60 1790 213 1841 pluribus
228 1789 480 1837 communicare,
495 1802 664 1841 quorum
682 1802 758 1842 ope
777 1789 955 1829 indicium
969 1788 1017 1827 ad
1028 1799 1219 1840 captatum
1236 1800 1320 1839 per-

64 1853 213 1883 manet:
241 1843 466 1895 ceteroquin
479 1855 558 1882 non
577 1844 717 1895 ignoro
735 1843 824 1882 illud
839 1843 994 1882 Horatii
1005 1842 1042 1881 ΙΙ
1055 1842 1174 1881 Serm.
1185 1843 1239 1887 V,
1257 1854 1324 1894 51,

69 1897 141 1947 Qui
154 1898 377 1948 testamentum
394 1900 501 1936 tradet
514 1897 573 1935 tibi
584 1912 719 1950 cumque
729 1899 909 1950 legendum.
926 1895 1051 1948 Quod
1068 1907 1195 1935 autem
1211 1907 1320 1947 prae-

64 1949 170 1989 ceffit
184 1950 394 2002 ἐθεράπευον
411 1950 473 1991 ἐπὶ
493 1951 646 2000 δοιά-τῳ
662 1963 742 1990 non
757 1951 809 1989 est
820 1980 831 1995 ,
854 1951 960 2003 quod
975 1949 1189 1989 voluerunt
1203 1950 1321 1987 inter-

65 2010 192 2056 pretes
201 2034 214 2049 ,
229 2005 414 2043 imminente
425 2015 545 2051 morte,
561 2003 621 2044 sed
629 2004 691 2056 spe
704 2005 816 2044 mortis
826 2034 836 2050 ,
857 2017 972 2057 quam
985 2002 1140 2042 fimulac
1153 2003 1321 2041 Hermo·

66 2058 149 2096 laus
174 2056 343 2106 obiisset,
365 2057 561 2110 resignatis
581 2058 717 2097 tabulis
736 2069 915 2097 mutuum
938 2057 1094 2097 ultimae
1108 2055 1324 2095 voluntatis

66 2110 299 2151 beneficium
314 2123 543 2164 experturus
556 2122 648 2150 erat.
671 2113 756 2151 Hae
768 2111 866 2157 sunt,
878 2124 971 2164 quas
985 2110 1182 2163 Longinus
1203 2119 1321 2148 vocat

66 2179 104 2218 p.
119 2178 195 2213 240
206 2166 406 2217 ἀλλοτρίων
417 2164 522 2216 θῆραι
535 2164 706 2205 θανάτων
718 2166 782 2204 καὶ
795 2164 933 2216 {vespm
949 2163 1142 2203 ἓιαθηκῶν·
1156 2175 1242 2201 nam
1257 2167 1323 2201 &n-

68 2217 134 2271 ρξίν
149 2219 189 2257 &
199 2220 316 2257 venari
327 2231 407 2259 non
422 2220 545 2258 minus
559 2219 755 2266 dicuntur,
765 2232 879 2270 quam
895 2231 1041 2270 captare.
1061 2218 1199 2256 Horat.
1212 2239 1257 2245 —
1273 2217 1325 2254 vi-

71 2275 160 2311 duas
170 2284 330 2311 venentur
338 2288 475 2311 avaras.
488 2273 646 2312 Hieron.
656 2273 754 2326 Epir.
766 2273 908 2326 Nepot.
921 2271 997 2310 Alii
1009 2283 1236 2310 matronarum
1245 2285 1325 2323 opes

68 2338 229 2366 venentur
240 2327 414 2378 obsequiis.
437 2327 603 2379 HEMSjr.
1204 2360 1208 2362 .

126 2381 199 2418 ead.
220 2381 245 2419 l.
268 2394 304 2430 7.
327 2376 413 2418 ‘'O-tc
433 2380 501 2431 μὲν
526 2373 607 2432 οὖν)
635 2379 834 2432 Perperam
861 2379 900 2417 in
926 2378 1166 2432 sequioribus
1192 2376 1326 2417 editio-

72 2433 184 2471 nibus
209 2434 265 2471 ὅτι
288 2434 551 2485 coniungitur,
573 2446 664 2472 cum
686 2433 727 2479 δ’,
745 2448 784 2472 τι
807 2432 1044 2472 scribendum
1065 2431 1132 2479 fit,
1160 2442 1204 2471 ut
1224 2430 1328 2470 re&e

73 2486 171 2527 dedit
190 2486 335 2536 Aldus,
356 2487 507 2541 iamque
519 2486 618 2528 re6ke
628 2487 665 2526 in
675 2486 852 2527 versione
863 2486 993 2541 posuit
1005 2487 1211 2539 interpreS,
1234 2483 1333 2537 Quid

972 2540 1090 2588 Ee4
