1748 3420
96 204 176 250 IN
212 201 612 252 DIALOGOS
650 207 1173 253 MORTUORUM.
1213 209 1308 271 487

33 300 169 328 ronem
190 289 334 337 dixiffe‚
351 290 519 342 Isocrates
534 293 656 332 maiore
668 294 749 331 milti
760 293 892 345 ingenio
905 294 1046 341 videtur,
1064 310 1166 347 quam
1178 308 1217 334 ut
1230 311 1305 335 cum

38 343 246 382 orationibus
258 345 382 395 Lyfirze
396 358 603 398 comparetur
613 361 628 392 ‚·
644 346 841 392 Iustinum,
850 347 1023 399 Lydorum
1035 361 1122 399 reges
1127 349 1225 398 ficere
1240 364 1309 387 va·

35 394 96 436 riis
119 398 248 447 cafibus
269 400 492 437 memorabiles
505 414 522 446 ;
541 401 658 438 nullus
679 399 961 452 tamenfhrtunae
979 402 1146 440 Candauia·
1169 418 1306 456 compa-

26 452 177 488 mandas.
193 450 240 489 Et
254 450 304 490 stc
319 451 392 490 alii.
421 451 564 492 GRON.

92 505 166 541 ead.
180 503 205 541 l.
222 518 257 552 4.
273 505 524 545 Manssomiw
538 505 758 559 χλοιμὺἓοο)
782 505 951 546 Consule
968 506 1171 560 Spanhem.
1187 509 1232 548 de
1245 509 1303 549 Pr,

38 553 138 594 &U.
154 556 202 595 N.
217 556 265 596 A.
284 572 319 610 p.
334 573 422 608 457.
439 559 600 599 Mollior
612 560 713 598 enim
730 570 810 598 erat
825 559 866 598 &
881 561 1091 600 habebatur
1109 561 1303 602 Persarum

36 607 175 654 vestis,
197 620 241 649 ut
253 609 364 664 supra
383 613 420 650 in
437 613 511 652 hoc
523 613 677 664 dialogo
692 612 807 660 dixit3
827 612 868 652 &
882 614 1020 652 iterum
1032 644 1043 661 ,
1065 616 1244 667 quamvis
1259 617 1308 656 de

37 660 180 702 Parthis
196 664 285 712 iam,
300 677 349 704 ex
363 666 497 706 eodem
515 664 662 706 constat
673 681 686 714 ·,
705 667 826 719 Ἀλεξ.
843 678 876 706 c.
898 680 963 718 27,
977 668 1199 721 Βηλυχίτων
1217 668 1305 720 ἀνὴρ

38 728 111 768 pro
126 715 280 756 Partho.
301 717 456 758 SOLAN.

89 772 162 807 ead.
178 771 202 809 l.
220 785 251 820 ς.
268 770 428 824 Ko‘wsuv)
451 772 598 811 Χιτῶνα
612 774 789 824 Περσικὸν
809 772 1088 825 στρατιωτικόν·
1102 773 1184 826 lege
1199 775 1302 815 Suid.

30 821 208 916 ffesth.
231 825 317 865 dico
339 826 386 864 ad
407 826 608 866 Heliodor.
630 826 695 866 lib.
721 839 758 877 7.
791 826 837 866 de
859 827 984 866 taenia
1008 827 1154 867 dictum
1177 840 1301 869 antea.

71 886 209 916 OURD.

88 930 167 968 ibid.
180 931 316 983 Tm'epw
329 930 439 985 ὀρθὴν)
454 932 542 971 Vid.
556 932 717 971 eundem
731 931 931 984 Spanhem.
945 946 981 985 p.
1000 933 1089 980 466.
1116 933 1273 973 SOLAN.

87 986 161 1022 ead.
176 984 200 1022 l.
214 985 251 1023 6.
262 984 348 1024 ‘Ter'
361 985 568 1037 ἐλευθέρων)
586 987 807 1026 Admodum
822 986 988 1040 displicet
1008 986 1102 1026 illud
1119 985 1194 1027 ὑπ’.
1217 988 1303 1041 Ego

35 1036 234 1076 delendum
253 1038 401 1078 censeo.
420 1038 578 1078 SOLAN,

89 1093 162 1129 ead.
185 1092 210 1130 l.
231 1106 268 1144 9.
294 1092 441 1145 Λέουο-ι)
465 1093 630 1133 Temere
651 1092 803 1145 vulgari
824 1091 1005 1140 fabulam,
1020 1107 1098 1145 qua
1117 1093 1300 1145 Lyfima-

34 1143 151 1183 chum
171 1144 275 1184 leoni
288 1145 481 1187 obiec'tum
495 1147 543 1186 ab
558 1159 607 1186 eo
621 1145 806 1194 scribunt,
819 1146 870 1185 ait
883 1146 994 1186 Curt.
1008 1147 1119 1196 VIII,
1137 1162 1167 1188 1.
1192 1147 1302 1187 Iusti-

34 1209 107 1238 nus
120 1209 247 1238 tamen
262 1199 295 1238 ei
311 1198 425 1239 fidem
446 1199 534 1241 facit
549 1200 642 1246 XV,
661 1214 694 1252 3.
716 1199 876 1239 SOLAN.

90 1253 163 1290 ead,
179 1253 201 1290 l.
225 1265 281 1290 10.
295 1254 441 1303 Γάμους
455 1252 657 1306 τοιούτους)
682 1253 874 1306 Seponere
896 1266 976 1292 non
995 1251 1143 1305 poffum
1169 1253 1299 1294 levem

35 1304 122 1344 vitii
136 1304 384 1358 suspicionem
400 1308 438 1346 in
456 1307 652 1347 vocabulo
668 1306 854 1346 secundo:
874 1306 1210 1347 debuiffe‘videtur
1222 1308 1299 1347 Lu-

34 1359 165 1398 cianus
180 1359 372 1412 designare
385 1362 645 1400 conditionem
663 1362 880 1413 nuptiarum
891 1391 904 1407 ,
921 1374 1018 1414 quas
1033 1361 1298 1413 improbabat:

33 1413 177 1451 nemini
203 1413 397 1460 obtrudo,
420 1415 527 1468 quod
547 1416 584 1454 in
605 1426 773 1454 mentes]
797 1415 930 1461 venit,
952 1414 1106 1466 γάμους
1131 1414 1299 1458 ἀθύτους.

38 1464 156 1517 Quae
174 1466 235 1507 hic
248 1467 471 1508 Alexandro
488 1469 641 1521 nuptiae
656 1468 754 1508 vitio
767 1481 987 1515 vertuntur,
1006 1481 1068 1507 eas
1083 1468 1157 1521 ipse
1169 1469 1301 1508 verbis

32 1520 144 1571 plane
155 1519 334 1561 fimilibus
355 1522 457 1561 laudi
477 1521 543 1561 fibi
557 1522 661 1562 ducit
677 1523 716 1560 in
730 1522 792 1561 illa
806 1521 1098 1561 elaboratiffima
1119 1523 1300 1562 oratione

35 1575 134 1626 apud
147 1573 302 1614 Arrian.
320 1575 393 1614 VII
407 1606 418 1622 ,
440 1589 473 1615 c.
501 1590 564 1615 10:
590 1575 741 1630 ’γάμους
756 1575 800 1614 δὲ
817 1572 901 1626 ὑμῖν
918 1575 1003 1615 τοὺς
1018 1572 1152 1614 αὐτοὺς
1165 1576 1299 1629 727AE-

31 1642 155 1678 μηκα,
169 1628 234 1669 καὶ
247 1627 395 1669 πολλῶν
408 1629 508 1680 ὑμῶν
518 1629 550 1669 ὀἱ
563 1629 703 1669 ’παῖδες
719 1643 824 1683 συγ)
832 1629 919 1668 sves}
935 1628 1081 1667 ἔσονται
1094 1628 1169 1667 τοῖς
1182 1629 1300 1669 ’παισὶ

33 1680 111 1720 τοῖς
125 1681 236 1731 ἐμοῖς.
254 1683 338 1722 Hac
352 1684 467 1722 etiam
486 1684 523 1722 in
538 1694 655 1736 parte,
672 1695 713 1722 ut
726 1683 765 1721 in
776 1681 963 1735 plerisque
978 1682 1076 1730 aliis,
1087 1695 1109 1720 a
1124 1683 1298 1722 Luciano

33 1733 198 1774 dissentit
211 1735 434 1776 Plutarchus
446 1737 651 1777 Alexandri
663 1737 726 1776 vel
740 1737 911 1789 inprimis
925 1736 1132 1776 admirator
1143 1735 1222 1788 περὶ
1231 1734 1298 1777 τῆς

29 1787 110 1831 ῗΑλ.
123 1793 162 1828 Τ.
177 1790 194 1829 ἢ
212 1790 263 1828 Ἀ.
277 1790 348 1829 Or.
362 1791 401 1837 1,
421 1805 457 1843 p.
476 1806 549 1843 329
567 1792 607 1831 E.
629 1806 648 1843 3
661 1804 704 1837 30
717 1791 767 1829 A.
788 1791 958 1830 Hfimsr.

90 1845 162 1883 ead.
175 1844 197 1882 l.
212 1844 270 1883 16.
283 1844 335 1883 Ἐν
348 1844 621 1897 Ὀξυὲράκοιιὴ
641 1845 899 1883 Communem
925 1842 1189 1883 historicorum
1214 1843 1299 1896 opi-

33 1895 191 1936 nionem
212 1897 362 1938 secutus
373 1898 425 1938 est
437 1898 591 1944 Noster,
603 1911 717 1950 quam
735 1896 1145 1938 refutat-itArrianNI
1158 1927 1169 1945 ‚
1181 1910 1215 1936 c.
1235 1910 1247 1934 ι
1264 1910 1297 1943 ι,

32 1949 297 1990 Alexandrum
312 1952 348 1990 in
365 1953 493 2001 Mallis
511 1951 798 1992 audaciffimum
817 1950 962 1990 facinus
975 1948 1124 1991 edidiffe
1143 1950 1295 1989 docens.

34 2004 229 2057 Utrosqtie
242 2006 383 2045 Mallos
394 2006 431 2045 ἃ
445 2005 675 2057 Oxydracas
688 2006 722 2043 in
737 2005 809 2044 hac
823 2005 977 2044 historia
988 2004 1188 2044 coniunxit
1202 2004 1297 2042 Dio-

34 2057 118 2097 dor.
133 2058 206 2098 Sic.
226 2059 355 2103 XVIL
366 2074 400 2112 p.
413 2060 486 2111 613
503 2060 554 2100 D.
566 2061 605 2100 δι
622 2059 700 2106 614
711 2059 756 2099 C.
770 2055 957 2100 κοιΘήᾹοιτο
968 2060 1072 2107 μετὰ
1085 2056 1155 2096 τοῖν
1168 2057 1295 2097 ὃπλων

29 2111 138 2162 μόνος
151 2112 201 2152 εἰς
214 2114 278 2153 τὴν
296 2114 420 2153 πόλιν.
440 2114 543 2154 Vide
555 2114 613 2155 Io.
628 2113 861 2153 Freinshem.
877 2113 922 2152 ad
939 2111 1049 2152 Curt.
1064 2111 1116 2151 lX
1130 2142 1142 2160 ‚
1162 2126 1206 2160 4,
1229 2108 1291 2150 26.

35 2167 203 2205 Hflmsv.

89 2221 125 2260 in
143 2222 257 2260 Schol.
281 2222 343 2260 col.
358 2235 390 2259 2.
407 2222 429 2258 l.
449 2234 478 2261 ι.
492 2219 724 2272 Λὺσοινὸρον)
747 2220 850 2259 Nota
862 2218 1097 2258 Callisthenis
1117 2218 1291 2258 historia:

32 2287 272 2326 quamquam
295 2275 340 2314 de
358 2275 439 2314 eius
459 2287 583 2325 poena
608 2276 647 2314 &
674 2286 799 2313 morte
817 2273 926 2312 valde
950 2272 1178 2312 dissentiant:
1205 2273 1292 2312 vide

36 2327 205 2366 Freinsh.
219 2328 265 2366 ad
277 2328 388 2367 Curt.
398 2328 515 2374 VIII,
529 2328 550 2365 8
562 2343 573 2375 3
587 2327 646 2367 sed
659 2341 773 2380 quem
788 2326 1025 2378 Lysandrum
1036 2357 1048 2373 ,
1060 2339 1200 2366 caveae
1214 2326 1294 2365 leo-

32 2393 127 2420 num
141 2381 270 2421 itidem
286 2381 468 2422 inclusum
481 2412 492 2429 ‚
510 2382 649 2421 indicet
661 2413 671 2426 ‚
684 2395 765 2420 nou
778 2380 938 2433 reperio.
953 2380 1087 2420 Suidas
1101 2380 1137 2417 in
1153 2384 1293 2418 Komm-

8 2453 13 2467 ι
34 2435 166 2475 σὲένης
178 2435 395 2476 Nearchum
410 2434 624 2488 Tragicum
640 2435 691 2474 illi
704 2435 863 2474 affociaz·
872 2435 916 2472 it:
934 2446 981 2472 an
995 2446 1071 2484 pro
1082 2446 1131 2472 eo
1147 2445 1293 2471 memo»

21 2488 130 2532 ,riola
140 2489 323 2531 vacillans
338 2490 469 2531 Schol.
481 2489 592 2532 nobis
606 2488 846 2542 Lysandrum
863 2486 1060 2581 sugiglelffit?
1083 2487 1242 2527 Hfimsr,

988 2554 1000 2579 1
1029 2555 1056 2589 4
