1748 3420
113 216 193 261 IN
226 214 613 261 DIALOGOS
648 216 1166 262 MORTUORUM.
1202 234 1290 277 421

21 309 107 346 'men
123 304 252 343 retineo.
266 302 412 343 COGN.
429 303 486 342 Ex
503 302 644 342 Erasmi
659 302 894 343 Chiliadibus
909 303 1090 356 descripta
1109 306 1146 344 in
1170 306 1208 343 V
1204 306 1299 345 ivum

36 360 200 396 cadaver.-
222 357 346 396 Vivum
353 356 556 409 sepulcrum.
566 356 749 408 Pleraque
759 355 862 395 Gilb.
875 357 1088 410 Cogmrus,
1100 371 1201 411 quae
1213 361 1299 412 qui-

36 410 122 448 dem
139 410 255 462 paulo
270 409 355 449 sunt
372 409 557 454 doffiora‚
568 409 649 448 aliis
663 409 772 448 debet
784 422 796 456 ;
809 410 948 461 quibus
966 410 1122 450 sollicite
1138 413 1300 452 demon-

37 461 194 502 strandis
207 476 364 514 operam
378 475 519 502 navare
533 475 610 501 non
623 461 676 501 est
691 463 850 501 animus.
865 464 1050 503 Vultures
1063 464 1229 517 Gorgias
1244 467 1298 505 in-

25 516 141 568 genii
158 515 255 555 vitio
274 516 418 556 tumid’e
428 516 572 555 dixerat
591 514 797 566 ἐμψύχους
817 517 971 563 τάφους,
987 518 1186 557 damnatus
1206 533 1300 572 pro-

37 579 168 621 pterea
180 581 259 608 non
271 569 409 615 solum,
420 568 479 609 sed
491 568 614 607 irrisus
625 569 740 607 etiam
754 581 776 606 a
792 568 1042 609 severioribus
1051 572 1221 611 arbitris:
1242 574 1300 611 vi-

39 621 86 661 de
100 617 456 674 Longin.orepl‘T-‡.
472 636 508 674 p.
525 621 585 668 18,
598 622 638 660 &
653 621 872 661 Comment.
890 623 1088 674 Quamvis
1103 623 1297 665 sublimio-

37 687 119 714 rem
132 674 295 728 figuram
309 706 320 723 ‚
339 675 367 714 fi
382 675 586 714 commode
597 705 608 722 ,
625 675 727 714 flexu
745 676 864 715 totius
881 677 1066 716 orationis
1079 678 1300 726 adiuvante,

36 740 216 781 ponatur,
228 729 268 768 &
281 730 428 768 ratione
439 727 582 767 defendi
591 728 823 781 &exemplis
834 729 937 780 poffe
951 730 1174 777 existimem,
1189 730 1299 771 facile

37 793 166 821 tamen
182 782 320 821 dedero
335 781 544 834 castigatius
559 780 750 833 usurpasse
768 783 975 822 Lucianum
993 785 1037 822 de
1040 784 1221 834 filicernio‚
1233 786 1298 824 vel

30 834 112 887 sene
123 836 293 888 capulari,
308 836 458 888 qualem
471 866 483 882 ‚
495 848 583 874 cum
598 835 803 874 debilitatis
815 837 928 874 animi
942 836 1191 889 corporisque
1205 838 1297 876 viri-

37 887 110 927 bus
120 887 293 940 sepulcro
303 902 419 940 quam
432 890 512 928 vita
525 888 700 941 longiore
712 889 860 940 dignior
868 889 934 934 est,
949 902 1027 929 non
1039 900 1188 928 tantum
1202 905 1298 941 τυμ.

37 941 243 993 βογέροντιι
257 942 414 987 Graeci,
426 941 643 995 praesertim
654 941 822 988 Comici,
834 941 894 981 sed
907 943 947 982 &
958 946 1054 995 σορὸν
1065 943 1104 983 &
1120 943 1297 996 σορέλλην

36 1007 105 1048 per
117 995 340 1035 convicium
355 996 573 1047 appellitare
591 994 724 1035 solent.
745 996 910 1035 HEMST.

91 1048 182 1102 Pag.
202 1063 287 1097 144.
304 1049 328 1087 l.
349 1063 383 1088 2.
403 1048 495 1088 Ἂνω
512 1047 712 1100 ποταμῶν)
726 1047 821 1087 ”Ανω
842 1048 1026 1099 mula&
1045 1047 1232 1102 χωροῦσιν
1254 1051 1298 1090 αἱ

37 1103 178 1154 πηγαί.
190 1102 375 1141 Proverb.
389 1102 426 1141 in
441 1115 500 1147 ea,
518 1115 621 1155 quae
635 1102 809 1142 accidunt
823 1102 972 1142 ἐναντίοι
986 1102 1058 1142 τῶν
1074 1103 1298 1151 ὀφειλόντων.

0 1169 1 1172 ’
37 1153 194 1207 Repetit
214 1156 260 1194 de
280 1156 446 1195 Merced.
470 1156 583 1195 cond.
598 1156 732 1195 Utitur
752 1155 936 1207 Aeschyl.
955 1156 1083 1208 Eurip.
1100 1156 1297 1210 Aristoph.

37 1207 211 1247 BOURD.
225 1209 386 1248 Mutilus
399 1209 517 1249 videri
533 1208 644 1262 poffit
660 1209 719 1249 hic
734 1209 863 1257 locus;
878 1209 988 1249 sedin
1002 1209 1188 1249 eiusmodi
1207 1224 1299 1262 pro.

0 1258 1 1263 ’
37 1262 268 1301 verbialibus
289 1262 555 1302 locutionibus
586 1262 732 1315 saepius
758 1264 930 1302 invenias
957 1263 1082 1316 aliqua
1108 1263 1163 1302 sui
1188 1277 1297 1317 parte

36 1325 210 1356 truncata
227 1315 355 1355 afferri
368 1316 498 1357 verba.
512 1316 711 1369 Euripidis,
725 1317 770 1355 ad
783 1330 881 1369 quos
891 1317 1036 1363 alludit,
1049 1316 1180 1356 versus
1193 1317 1299 1358 scho-

35 1367 130 1408 lium
149 1369 302 1409 exhibet
322 1383 372 1409 ex
385 1370 488 1410 Med.
505 1383 596 1418 410.
617 1370 891 1417 Proverbium‚
913 1371 958 1409 de
971 1384 1051 1422 quo
1065 1370 1147 1410 fuse
1159 1371 1299 1411 Paroe-

35 1423 273 1476 miograpffi,
297 1423 335 1462 δι
357 1423 403 1463 ad
417 1437 486 1464 eos
507 1423 682 1463 Andreas
701 1422 909 1470 Schottus,
933 1424 1088 1476 Menag.
1111 1425 1156 1463 ad
1178 1424 1297 1478 Diog.

36 1475 161 1516 Laert.
182 1491 219 1529 p.
235 1490 318 1530 193.
336 1491 372 1529 p.
393 1492 464 1530 139
477 1478 520 1517 E.
535 1476 753 1529 Hesychius
769 1477 970 1524 observat,
983 1478 1220 1529 Aeschylum
1245 1492 1295 1519 eo

33 1531 247 1582 proverbio
267 1529 378 1570 usum
393 1531 479 1571 effe.
499 1531 551 1570 V.
562 1530 775 1571 Hemsterh.
793 1545 828 1584 p.
846 1545 908 1583 31.
925 1532 1112 1582 παροιμία
1127 1530 1172 1570 ss
1184 1529 1300 1571 τοῦτο

36 1583 192 1636 (inquit
207 1583 433 1629 Scholiastes
447 1584 638 1637 Euripidis
653 1585 698 1623 ad
721 1585 825 1624 hunc
840 1585 1003 1637 locum)
1026 1585 1088 1624 ἐπὶ
1103 1583 1175 1624 τῶν
1186 1585 1240 1624 εἰς
1254 1589 1298 1625 τὸ

34 1637 196 1730 ἐναντίον
221 1638 284 1677 καὶ
308 1641 417 1690 παρὰ
437 1641 479 1677 τὸ
501 1636 679 1691 προσ-ἧκον
687 1638 1028 1690 μεταβαλλομένων
1044 1637 1299 1691 πραγμάτων.

64 1701 193 1731 OLAN.

91 1748 164 1784 ead.
182 1746 205 1784 I.
225 1757 257 1797 5.
273 1744 312 1783 ‘H
330 1742 470 1797 ἕιμοιξοι
486 1745 549 1785 τὶν
563 1743 649 1791 βοῦν
663 1744 854 1786 πολλάκις
873 1744 1028 1798 ἐκφέρει)
1047 1745 1138 1798 Leg.
1155 1744 1301 1787 Erasmi

39 1799 212 1839 BOURD.
237 1798 413 1838 Erasmus
436 1799 588 1852 prolato
611 1800 768 1840 Luciani
794 1799 884 1839 loco
909 1800 1001 1839 haec
1025 1799 1122 1838 addit
1138 1811 1146 1838 :
1172 1800 1216 1838 Id
1234 1802 1297 1852 est,

39 1853 148 1892 Nunc
169 1854 206 1891 id
222 1853 353 1900 evenit,
377 1855 468 1905 quod
476 1853 579 1904 vulgo
593 1854 658 1892 dici
664 1853 768 1904 solet,
785 1855 981 1906 Plaustrum
987 1852 1225 1904 saepenumero
1237 1856 1298 1893 bo-

40 1920 115 1945 vem
127 1906 236 1960 ipsam
253 1906 375 1957 aufert.
394 1907 577 1946 Translata
590 1909 781 1959 metaphora
795 1923 818 1945 a
826 1907 987 1959 plaustris
1001 1922 1062 1959 per
1074 1907 1193 1945 declive
1211 1920 1296 1946 retro

39 1960 240 2008 labentibus,
253 1974 385 2013 unaque
389 1959 503 2012 secum
515 1962 628 2000 bovem
639 1960 878 2011 auferentibus.
894 1960 1064 2008 Labitur,
1076 1971 1119 1999 ut
1133 1958 1297 2011 saepius,

36 2027 153 2065 quam
170 2026 192 2052 a
208 2026 406 2066 quoquam
422 2014 602 2055 haetenus
616 2013 916 2054 animadversum
929 2013 1013 2061 fuit,
1030 2014 1068 2052 in
1083 2014 1222 2065 adagiis
1232 2027 1299 2053 ex-

39 2067 235 2120 plicandis,
248 2068 381 2120 ingens
393 2069 541 2120 patriae
553 2067 701 2107 nostrae
713 2068 829 2107 decus
838 2099 850 2116 ‚
865 2068 973 2107 cuius
987 2080 1136 2106 errores
1148 2068 1296 2118 magnis

37 2121 245 2160 virtutibus
256 2121 524 2174 compensatos
536 2121 595 2160 illa
616 2122 808 2161 literarum
821 2133 905 2160 tum
920 2122 1085 2173 primum
1101 2120 1297 2160 renascen-

38 2175 130 2213 tium
144 2175 356 2214 rudimenta
370 2174 454 2214 satis
465 2175 659 2214 excusant.
677 2175 850 2227 Ἐκφέρειν
865 2188 927 2221 ea,
945 2188 1021 2227 qua
1031 2175 1174 2220 voluit,
1188 2185 1296 2227 pote-

40 2227 134 2268 state
155 2228 320 2268 sumtum
335 2229 424 2267 mihi
439 2230 591 2281 quidem
605 2241 683 2268 non
698 2229 944 2281 approbabit:
966 2229 1026 2269 hic
1041 2240 1142 2267 certe
1154 2257 1165 2272 ,
1186 2227 1213 2267 si
1234 2241 1296 2267 re-

38 2280 142 2321 &um
159 2282 282 2328 foret,
295 2283 522 2324 vertendum
538 2293 639 2329 erat,
655 2284 838 2335 plaustrum
850 2285 962 2322 hovem
968 2281 1069 2335 saepe
1080 2281 1191 2334 effert,
1207 2282 1295 2333 eius-

38 2350 100 2388 que
112 2335 224 2386 fimus
236 2337 338 2376 ducit.
356 2337 460 2376 Tum
475 2349 600 2389 neque
612 2337 702 2376 illud
716 2336 799 2375 satis
812 2336 1030 2381 commode,
1043 2349 1116 2375 nec
1130 2335 1175 2374 ad
1191 2336 1295 2387 inge-

37 2389 149 2428 nium
167 2390 319 2443 linguae
333 2390 520 2436 Graecae,
535 2391 640 2442 quod
656 2392 891 2441 paroemiam
906 2391 1009 2429 hunc
1022 2390 1058 2427 in
1072 2389 1226 2428 modum
1242 2390 1298 2426 ine

43 2453 185 2493 tegram
198 2442 366 2489 reddat&
379 2442 517 2495 ἅμαξα,
529 2448 591 2483 τον
601 2443 684 2490 βοῦν
695 2444 851 2484 {nativa--
864 2443 967 2496 sequi
976 2443 1154 2482 debuerat
1165 2441 1298 2481 Gram-

44 2497 207 2538 maticos
223 2509 467 2551 praeeuntes,
490 2499 554 2551 qui
568 2495 668 2538 ἕλκει
685 2498 748 2539 vel
764 2498 962 2590 adiici-ung
972 2496 1036 2589 gel
1051 2495 1299 2550 supplendum
