1748 3420
416 202 511 262 443
612 201 1493 251 ANNOTATIONES

416 291 529 342 plane
542 289 661 342 fugit:
678 304 798 343 quare
809 291 933 331 multo
946 292 1074 332 malim
1085 293 1220 344 ssnp‘p‘bv·
1229 293 1369 332 erroris
1382 293 1585 348 propagati
1599 300 1685 348 gra·

416 344 491 383 dus
509 343 675 396 1pe6tare
687 345 774 384 licet
793 345 830 383 in
845 346 1030 385 Moeridis
1046 347 1194 399 πυρρην.
1218 347 1382 386 HEMST.

470 398 562 448 Pag.
577 398 696 452 159.l.
716 411 772 438 10.
786 398 948 452 Κράτων)
963 399 1195 450 Sicyonius:
1220 401 1306 440 vide
1319 414 1351 440 c.
1371 414 1383 438 1
1397 414 1429 440 1.
1449 400 1608 441 SOLAN.

472 454 547 490 ead.
565 452 588 490 l,
607 465 662 490 11.
684 454 740 489 T&
758 452 935 505 ἐντάφια)
962 453 1092 505 Inepte
1106 454 1271 493 vertitur
1289 455 1458 507 epitaphia
1473 485 1486 502 ‚
1505 468 1594 495 cum
1610 454 1683 495 fint

420 504 787 557 vestimentafimebria.
812 505 983 546 GRAEV.
998 506 1130 560 Inepte
1143 508 1327 560 interpres
1339 538 1351 556 ‚
1370 510 1683 562 neque-epitaphia:

422 558 600 606 ἐντάφια,
610 569 653 597 ut
667 570 802 599 notum
815 559 888 607 est,
910 573 981 612 pro
993 561 1395 613 vestibusfipulcralibus.
1416 561 1562 602 Giton.

474 615 547 651 ead.
562 614 584 651 l.
608 627 668 665 13.
689 611 933 666 Ἀνεκῆρυξεν)
954 612 1040 653 Post
1052 614 1147 654 hanc
1162 627 1300 654 vocem
1313 615 1350 653 in
1364 614 1546 666 impreffis
1559 616 1687 655 omni·

418 664 490 704 bus
502 666 713 715 legebatur,
724 665 920 720 εὐεργέτην
933 665 1123 706 samaram·
1139 668 1245 720 quod
1260 681 1408 707 merum
1420 667 1605 708 scholium
1616 669 1686 715 est,

417 718 460 769 ἃ
474 721 512 758 in
522 720 623 760 Coll.
637 719 723 760 Gal.
746 719 875 773 reapse
894 720 987 760 loco
1002 720 1132 760 scholii
1147 721 1320 761 habetur.
1340 722 1445 761 Bene
1458 721 1620 762 fastum:
1636 724 1684 763 ad

418 774 589 826 pristinas
607 786 703 826 ergo
723 772 824 812 sedes
837 774 974 813 redeat.
991 774 1147 814 SOLAN.
1169 773 1395 827 Ἀνεκῆρυξεν
1407 773 1602 828 εὐεργέτην
1614 776 1686 817 «Γη-

418 827 559 880 atomi)
574 827 719 867 Ultima
732 838 819 867 vox
829 825 858 865 si
869 827 1022 877 abesset,
1034 828 1128 867 nihil
1137 840 1233 875 erat,
1248 830 1353 881 quod
1372 829 1408 868 in
1428 829 1603 870 hocloco
1618 830 1685 870 de-

420 879 617 921 siderares:
637 894 725 920 nam
740 881 1007 933 ἀνακηρύττειν
1022 879 1216 934 εὐεργέτην
1231 882 1396 936 legitima
1409 883 1590 936 loquendi
1606 883 1687 924 for·

417 935 541 982 mula,
555 934 708 988 perinde
722 947 766 974 ac
780 966 792 984 ‚
811 935 917 988 quod
933 935 971 974 in
985 935 1130 975 Nostro
1141 935 1361 988 frequenter
1373 937 1566 985 occurrit,
1591 938 1684 977 ἀνοι-

415 990 570 1041 γρέιφειν
583 987 791 1042 εὐεργέτην·
813 990 850 1027 ἰη
865 990 1088 1029 marmoreis
1102 990 1214 1029 etiam
1228 988 1519 1044 psephismatum
1539 1003 1686 1030 monu-

415 1043 577 1095 mentis,
603 1056 703 1095 quae
720 1043 861 1082 honori
882 1044 1057 1082 virorum
1078 1043 1177 1083 bene
1187 1044 1233 1083 de
1245 1057 1324 1097 rep.
1348 1045 1576 1084 meritorum
1596 1044 1683 1085 sunt

416 1096 645 1144 constituta,
667 1096 758 1135 nihil
772 1096 941 1136 crebrius
959 1098 1149 1145 invenias,
1173 1110 1287 1149 quam
1303 1097 1470 1150 aliquem
1487 1096 1683 1151 εὐεργέτην

416 1149 621 1197 celebrari3
643 1163 742 1202 quae
755 1149 905 1190 Firmus
923 1150 1093 1190 imitatus
1109 1151 1179 1204 Ep.
1195 1150 1311 1191 XVII
1335 1150 1499 1204 scripsit,
1519 1153 1686 1192 ταινίαις

415 1198 519 1251 ὑμᾶς
540 1201 752 1253 ἀναὸοῦμεν
775 1199 822 1243 ὧς
840 1199 1052 1257 εὐεργέτας.
1081 1205 1195 1244 Nunc
1215 1216 1342 1244 tamen
1357 1205 1524 1245 voculae
1536 1206 1683 1246 vicinae

417 1256 592 1297 δηλονότι
612 1258 846 1310 contagione
866 1258 1005 1297 violari
1025 1254 1215 1312 εὐεργέτην
1232 1258 1375 1307 fateor3
1394 1260 1539 1312 quippe
1551 1261 1685 1312 nequit

415 1311 645 1363 excogitari,
661 1325 744 1364 quo
758 1311 909 1351 tandem
924 1310 1036 1365 pauo
1049 1312 1203 1352 venerit
1216 1313 1254 1351 in
1265 1312 1422 1352 Luciani
1432 1323 1657 1353 contextum
1669 1343 1686 1360 ,

417 1363 488 1402 nis1
497 1364 677 1404 leffiorem
691 1365 852 1418 peritum
865 1365 1019 1412 statuas,
1031 1376 1075 1405 ut
1084 1365 1221 1405 clarius
1232 1365 1439 1419 explicaret
1454 1366 1686 1419 ἀνεκηρυξεν,

417 1417 458 1456 in
473 1420 680 1471 marginem
694 1415 1127 1472 ειάΐετίρίῐίΐε-εὐεργέτην
1149 1418 1336 1460 δηλονότι.
1364 1419 1500 1472 Quam
1522 1421 1575 1460 ob
1601 1433 1684 1460 rem

416 1484 640 1525 expungere
653 1486 733 1513 non
746 1472 891 1513 fuiffem
907 1474 1066 1519 veritus,
1080 1473 1107 1512 fi
1119 1474 1183 1513 vel
1197 1486 1297 1513 unus
1308 1485 1434 1514 certae
1449 1473 1536 1514 fidei
1547 1473 1683 1514 Codex

417 1526 608 1566 addixisset
618 1556 632 1573 ‚
648 1539 810 1580 eamque
822 1527 1096 1567 dubitationem
1108 1526 1323 1573 sustuliffet,
1338 1541 1386 1567 an
1401 1541 1481 1568 non
1494 1527 1593 1568 forte
1607 1529 1685 1568 Lu-

413 1580 550 1621 cianus
563 1580 744 1634 scripserit
759 1579 969 1633 ἀνεκηρυξεν
987 1579 1189 1634 εὐεργέτην.
1211 1582 1376 1621 HEMST.

469 1638 543 1674 ead.
558 1636 581 1673 l.
601 1649 659 1683 14.
684 1634 920 1688 Ἀνὲριέιντων
938 1635 1175 1689 ἐπιγραφὰς)
1196 1635 1261 1676 De
1281 1636 1421 1690 quibus
1436 1635 1523 1676 dico
1542 1635 1589 1676 ad
1607 1635 1685 1676 Ca-

416 1687 510 1742 tapl.
531 1689 704 1728 BouRD.

471 1746 545 1781 ead.
560 1743 584 1783 l.
605 1756 619 1781 1
631 1756 663 1795 5.
687 1742 822 1796 Μέγαν
835 1741 969 1795 τάφον)
993 1742 1041 1782 Et
1058 1742 1160 1782 hunc
1177 1742 1330 1792 locum,
1347 1742 1385 1783 δι
1401 1742 1585 1796 quaedam
1603 1755 1683 1783 non

415 1795 600 1836 diffimilia
620 1800 773 1836 notavit
791 1795 881 1836 Des.
897 1796 1051 1836 Herald.
1064 1796 1110 1836 ad
1121 1797 1287 1836 Martial.
1306 1797 1421 1842 vul,
1436 1809 1502 1850 75.
1517 1797 1684 1837 Hzmsr.

472 1850 564 1902 Pag.
590 1851 672 1890 160.
691 1852 714 1890 l.
739 1863 770 1904 5.
788 1848 982 1903 Στράτων)
1009 1850 1068 1891 Sic
1092 1851 1237 1905 optime
1255 1851 1311 1890 ed.
1334 1851 1364 1891 1.
1382 1863 1461 1891 non
1485 1851 1586 1890 enim
1608 1851 1682 1890 iam

415 1902 541 1943 Crato
552 1904 739 1957 loquitur,
749 1905 806 1943 uti
816 1903 956 1943 volunt
968 1904 1146 1958 vulgatae
1157 1905 1237 1944 edd.
1254 1904 1314 1944 sed
1327 1905 1432 1944 miles
1441 1904 1592 1957 quidam
1604 1914 1685 1944 tro-

413 1971 554 2009 paeum
567 1957 701 1998 ferens.
717 1958 798 1998 MS.
814 1957 884 1998 Gr.
902 1958 941 1997 δι
954 1956 993 1997 Ρ.
1008 1958 1149 2011 Νεκρὸς·
1163 1959 1268 2012 quod
1283 1959 1392 1998 nimis
1404 1971 1562 2011 vagum.
1574 1958 1684 1998 Faci-

412 2011 460 2051 lis
469 2023 596 2051 autern
608 2012 773 2052 mutatio
783 2017 899 2065 Στρα.
918 2012 956 2051 in
972 2016 1059 2065 Κροι.
1077 2013 1223 2067 decepit
1235 2011 1458 2053 oscitantem
1473 2012 1682 2053 librarium.

413 2064 576 2106 SOLAN.

471 2120 552 2160 ibid.
575 2124 661 2172 Κρα.
674 2118 732 2158 ’ὅτι
746 2118 913 2171 ἐνίκησα)
926 2118 968 2158 In
981 2117 1052 2158 Ms.
1076 2132 1148 2172 pro
1171 2123 1257 2173 Κριι.
1273 2119 1326 2160 est
1340 2119 1482 2172 Νεκρός.
1502 2119 1565 2159 Est
1577 2119 1682 2160 enim

414 2173 511 2215 alius
523 2186 640 2225 quarn
653 2173 794 2214 Crato:
816 2174 994 2213 nimirum
1009 2172 1126 2222 miles,
1143 2172 1221 2213 fine
1236 2174 1406 2214 nomine.
1426 2173 1602 2214 GRAEV.

471 2229 545 2266 ead.
556 2229 580 2266 l.
592 2241 628 2279 9.
643 2227 906 2280 Βρενθυόμενος)
917 2228 1062 2266 Eorum
1076 2228 1113 2266 in
1124 2227 1272 2267 claffem
1286 2226 1592 2268 referendum-est
1604 2226 1682 2268 hoc

411 2281 595 2330 verbum,
608 2294 709 2334 quae
723 2294 811 2321 raro
824 2281 871 2320 ab
883 2280 970 2333 ipfis
981 2281 1175 2321 veteribus
1194 2281 1386 2334 usurpata,
1403 2281 1546 2335 quippe
1564 2291 1681 2322 notae

412 2335 601 2388 plebeiae,
615 2335 834 2374 recentioris
847 2335 934 2374 aevi
947 2334 1148 2388 scriptores
1162 2334 1398 2389 frequentius
1408 2335 1680 2375 excoluerunt:

414 2390 454 2428 id
468 2390 569 2429 enim
585 2387 736 2441 elegans
748 2388 802 2427 illi
815 2401 930 2441 atque
942 2390 1132 2428 eruditum
1144 2389 1437 2438 arbitrabantur,
1446 2388 1473 2428 fi
1486 2389 1680 2428 vocabula

413 2443 454 2482 in
469 2442 614 2495 angulo
625 2444 794 2495 quodam
809 2443 1041 2495 antiquitatis
1056 2455 1208 2483 remoto
1228 2442 1479 2483 delitescentia
1493 2441 1680 2482 &scenae

410 2496 578 2538 libertati
590 2497 810 2538 condonata
822 2496 1021 2538 studiosius
1032 2508 1232 2545 eruerent,
1252 2496 1470 2551 scriptisque
1481 2494 1555 2537 suis
1572 2495 1679 2550 quast
