1748 3420
444 207 540 265 480
640 205 1562 257 ANNOTATIONES'

443 293 601 333 rificum
614 325 627 342 ,
648 294 856 335 Alexandri
872 307 977 336 certe
992 295 1184 337 stultitiam
1202 309 1398 351 parentem
1420 299 1627 340 draconem
1639 312 1693 340 no

444 347 680 400 aspernantis
696 350 932 402 perstringit:
954 351 1042 390 inde
1054 353 1333 403 Dr.1conigem.·m
1355 354 1523 406 appellat
1544 354 1703 408 Apollin

444 401 575 440 Sidon.
590 402 726 455 Paneg.
741 404 920 443 Anthem.
937 417 974 441 v.
991 404 1057 451 80,
1071 419 1084 443 1
1095 420 1115 444 2
1125 419 1138 443 1
1148 436 1159 450 ‚
1172 405 1237 444 ubi
1251 405 1340 445 vide
1349 407 1480 446 Savar.
1497 407 1628 448 Livius
1638 409 1705 460 qui

442 455 529 493 dem
548 469 627 495 non
643 458 839 496 continuit
856 457 905 505 se,
917 459 1008 510 quin
1023 457 1197 498 scriberet
1214 460 1373 506 XXVI,
1393 474 1456 513 19,
1469 462 1641 514 retulitque
1652 461 1700 513 fia

443 522 535 547 mam
547 510 694 562 (Scipio
706 508 932 564 Africanus)
947 512 981 549 in
998 514 1201 552 Alexandro
1211 514 1348 566 Magno
1354 515 1452 566 prius
1470 517 1647 566 vulgatam
1657 544 1669 562 ,
1683 515 1719 553 6·

445 565 602 602 vanitate
612 564 780 616 &fabula
788 581 902 618 parem
914 594 924 611 ,
941 567 1068 618 anguis
1080 567 1237 605 immanis
1252 569 1429 606 concubitu
1445 582 1638 621 conceptum
1649 599 1660 617 ‚
1682 569 1719 607 G·

446 619 482 654 in
496 619 648 656 cubiculo
657 619 774 657 matris
786 620 856 657 eius
863 619 1019 672 persaepe
1028 621 1063 657 vi
1058 620 1136 672 sam
1147 621 1294 673 prodigii
1308 621 1540 672 eiusspecicm,
1553 623 1718 662 interven-

443 684 546 723 tuque
556 673 724 711 hominum
735 674 904 712 evolutam
917 685 1056 725 repente,
1068 685 1168 726 atque
1179 690 1221 712 ex
1230 674 1504 727 oculiselapfhm.
1515 676 1718 728 Equidem,

442 723 473 762 fi
485 726 569 777 quis
583 739 644 765 me
658 737 791 777 roget,
811 727 904 778 quid
916 726 1074 765 sentiam
1089 758 1099 775 ,
1119 727 1246 766 nullus
1260 729 1478 775 intercedo,
1492 742 1574 782 quo
1589 731 1716 770 minus

440 781 633 831 anguinae
650 780 771 832 stirpis
785 780 936 833 fulgore
950 779 1167 820 nobilissimi
1177 781 1252 820 viri
1266 780 1505 834 superbiant:
1522 796 1648 835 neque
1661 794 1717 823 ta-

440 845 532 871 men
544 833 803 873 conie&oren1
816 832 1068 874 acutiffimum
1085 835 1309 887 perhibebo,
1320 835 1385 888 qui
1396 836 1717 889 divinarit,quod·

439 899 532 925 nam
548 900 668 940 genus
680 888 725 927 ad
742 900 876 927 eorum
893 900 1032 928 matres
1044 889 1217 928 draconis
1231 889 1327 942 pelle
1347 888 1489 929 teEtum
1506 890 1545 930 in
1560 891 1718 931 cubicu-

437 940 476 978 la
490 941 684 995 lectosque
700 943 918 981 ventitarit:
946 942 1044 981 haud
1059 943 1247 982 difficilius
1261 943 1445 983 dracones
1456 973 1468 991 ,
1488 957 1604 997 quam
1621 944 1716 985 alias

440 992 623 1035 Deorum
644 994 789 1035 formas
809 995 1011 1035 subeundo
1033 995 1269 1036 simulabant.
1291 997 1514 1050 Sequuntur
1535 998 1646 1039 binae
1660 999 1716 1039 le·
1746 1008 1748 1012 “

437 1048 586 1088 &iones
602 1049 701 1088 Cod.
718 1049 796 1089 Ox.
819 1063 986 1102 quarum
1002 1052 1110 1102 prior
1122 1052 1369 1090 meana-&ou
1384 1064 1456 1103 pro
1471 1051 1714 1101 βλέπεσθαι,

437 1113 482 1140 ut
495 1101 596 1142 forte
612 1104 861 1155 probatorem
877 1104 1046 1143 inveniat
1057 1133 1066 1150 ,
1091 1104 1191 1144 haud
1204 1105 1331 1156 magni
1345 1107 1532 1145 momenti
1544 1106 1714 1146 videtur:

437 1158 619 1207 quamvis
637 1157 737 1196 enim
765 1158 1048 1209 interpreteris,
1072 1159 1200 1197 occulte
1212 1159 1340 1210 verfhri
1362 1159 1398 1197 in
1417 1160 1494 1198 leHo
1509 1159 1714 1213 conspee‘lum

439 1211 586 1249 aliorum
595 1211 891 1264 subterficgientem
903 1240 913 1258 ‚
930 1222 1088 1264 eratque
1103 1211 1188 1251 sane
1200 1212 1413 1251 draconum
1425 1211 1612 1253 eiusmodi
1635 1213 1715 1254 fur-

436 1266 542 1303 tivus.
557 1265 742 1312 accessus,
752 1266 791 1304 &
805 1264 983 1304 emiffitiis
994 1263 1144 1305 testium
1155 1267 1275 1306 oculis
1289 1267 1443 1305 minime
1456 1265 1591 1316 fidens,
1605 1268 1714 1321 quip-

435 1331 486 1371 pe
503 1320 570 1370 qui
588 1330 769 1372 repente,
785 1329 827 1359 ut
848 1320 980 1358 Livius
995 1321 1071 1367 ait,
1086 1320 1284 1359 hominum
1306 1321 1528 1360 interventu
1548 1322 1714 1362 evolve·

434 1382 586 1417 rentur,
600 1386 647 1412 ne
660 1373 710 1412 sic
723 1375 873 1426 quidem
890 1373 973 1413 satis
985 1375 1056 1412 erit
1067 1375 1288 1427 expeditum
1304 1389 1312 1412 :
1329 1374 1428 1413 aliud
1444 1375 1713 1423 existimarem,

436 1425 467 1464 fi
483 1427 681 1478 praeberet
696 1428 914 1473 κυλίεσθαι,
937 1428 1101 1466 verbum
1123 1426 1490 1481 opportunissimum
1505 1458 1516 1475 ‚
1541 1441 1588 1468 ex
1603 1430 1713 1470 cuius

435 1481 655 1533 corruptela
670 1481 796 1521 nescio
810 1481 1007 1534 profeSto„
1025 1495 1071 1521 an
1094 1494 1180 1521 nata
1198 1479 1357 1529 fuerint,
1379 1482 1685 1536 supponentibus
1698 1514 1712 1531 ,

436 1536 544 1587 quod
566 1534 728 1588 quisque
754 1536 875 1574 menti
899 1536 1093 1588 scriptoris
1117 1537 1266 1589 optime
1287 1548 1506 1589 congruere
1526 1537 1714 1590 putabat,

436 1589 724 1629 correctoribus
735 1620 748 1635 ,
774 1590 839 1629 ista
854 1590 932 1629 duo
955 1591 1114 1630 minoris
1129 1591 1241 1644 pretii
1256 1591 1471 1635 βλέπεσθαι
1487 1591 1526 1631 &
1546 1591 1712 1631 κλέπτε-

434 1647 546 1682 com·
563 1644 679 1683 altera
692 1645 846 1697 quidem
862 1645 1018 1697 egregie
1035 1644 1158 1696 placet
1175 1645 1266 1697 παρ’
1279 1643 1415 1683 ἑαυτοῦ
1431 1658 1475 1684 σε
1486 1640 1593 1684 εἶναι.
1606 1643 1710 1686 Dial.

432 1698 532 1737 XVI
547 1711 555 1737 :
581 1698 649 1736 δυο
665 1698 787 1737 ἔτεκεν
802 1696 819 1739 ri
834 1697 1016 1748 Ἀλκμήνη
1032 1701 1138 1737 κατὰ
1159 1702 1201 1737 τὸ
1218 1695 1313 1737 αὐτὶ
1329 1697 1550 1751 Ἡρακλέας,
1571 1701 1633 1739 τὸν
1643 1699 1711 1750 μὲν

433 1750 503 1791 ὑπ’
523 1752 779 1805 Ἀμφιτρύωνι,
802 1755 862 1791 τὸν
886 1752 930 1791 s&
946 1754 1060 1804 παρὰ,
1071 1751 1139 1791 τοῦ
1152 1753 1253 1792 Διός·
1275 1751 1324 1792 fic
1344 1752 1462 1805 paulo
1483 1752 1590 1792 aliter
1609 1754 1712 1806 apud

432 1805 602 1845 Cornut.
624 1807 669 1845 de
688 1808 774 1846 Nat.
794 1806 917 1845 Deor.
934 1819 966 1846 c.
984 1821 1005 1845 2
1018 1837 1030 1854 ‚
1053 1807 1223 1860 luppiter
1237 1808 1384 1859 peperit
1405 1809 1468 1846 ’τὶν
1481 1804 1653 1847 Διόνυσον
1667 1807 1709 1846 ἐκ.

432 1860 502 1899 τοῦ
523 1860 619 1899 Isiou
637 1860 753 1911 μηροῦ
769 1859 1026 1910 ἓπταμηναῑον
1046 1865 1154 1912 παρὰ
1168 1860 1232 1900 τῆς
1251 1862 1432 1910 Σεμέλης.
1457 1861 1620 1900 HEMST.
1645 1859 1710 1900 ‘'0-

429 1929 523 1966 μοια
539 1914 874 1967 praestantiffimus
885 1914 1079 1954 Gel'nerus
1090 1915 1226 1966 accipit
1229 1915 1373 1965 similia,
1385 1915 1409 1953 i.
1420 1927 1453 1954 e.
1466 1913 1707 1966 consentientia

431 1968 711 2007 &convenientia
737 1969 875 2008 oraculo
900 1970 1120 2008 Hammonis.
1148 1968 1306 2008 Mallem
1319 1999 1330 2016 ‚
1356 1967 1384 2007 sl
1403 1969 1558 2008 retineri
1574 1969 1710 2009 debeat

430 2023 558 2073 ὃμοια,
572 2025 680 2075 ’παρὰ
692 2022 757 2062 τῆς
773 2022 1052 2073 Ὀλυμπιαὲος-
1067 2036 1154 2062 nam
1168 2023 1286 2076 paulo
1298 2021 1406 2076 post,
1417 2019 1522 2062 austu
1534 2021 1639 2076 ὑγιὲς
1653 2022 1710 2062 οὔ·

429 2091 476 2115 ’τε
493 2074 660 2127 tiamne,
671 2075 757 2116 οὔτε
769 2076 798 2116 οἱ
809 2077 879 2115 τῶν
892 2077 1097 2126 Ἀμμωνίων
1112 2075 1297 2129 προφῆται
1313 2088 1454 2130 ελεγον.
1471 2076 1542 2116 Sed
1555 2076 1708 2130 pristina

429 2130 655 2171 conithu-ra
678 2130 868 2183 displicere
887 2131 978 2169 mihi
996 2131 1170 2170 nondum
1193 2130 1328 2183 potest.
1355 2129 1476 2170 Usum
1491 2131 1709 2171 verborum

428 2186 580 2224 volutari
593 2186 632 2223 δι
643 2188 842 2226 munimina
856 2185 995 2224 eximie
1008 2185 1216 2224 declaravit
1227 2185 1405 2224 Pricaeus
1416 2185 1510 2224 Not.
1524 2185 1570 2224 ad
1584 2184 1704 2237 Apul.

430 2238 556 2278 Miles.
572 2239 627 2278 IX
639 2269 649 2284 ‚
665 2252 750 2292 pag.
765 2238 855 2287 488.
869 2239 1090 2279 Commode
1107 2251 1203 2279 vero
1221 2238 1437 2278 Alexander
1448 2238 1490 2278 &
1501 2237 1708 2292 Diogenes

428 2294 533 2345 apud
547 2291 690 2332 inferos
709 2294 845 2332 novitii
860 2293 1157 2346 colloquuntur:
1178 2293 1334 2345 utrique
1356 2294 1457 2332 enim
1471 2293 1607 2332 eodem
1622 2293 1714 2340 dieq-

429 2347 496 2386 hic
508 2347 711 2394 Corinthi,
732 2347 794 2386 ille
809 2347 1036 2399 Babylone,
1054 2348 1090 2386 in
1105 2359 1238 2387 orcum
1252 2348 1288 2386 se
1305 2357 1571 2399 penetrarunt,
1592 2356 1637 2387 ut
1650 2357 1708 2387 te·

427 2401 574 2440 stantur
588 2400 706 2453 Diog.
722 2401 764 2440 L.
782 2401 851 2449 Vl,
865 2403 930 2454 63,
943 2403 979 2440 δι
997 2401 1234 2440 Plutarchus.
1260 2401 1370 2439 IDEM
1382 2401 1416 2438 in
1431 2400 1622 2439 Addendis.

485 2458 558 2494 ead.
569 2456 592 2493 l.
608 2469 622 2493 1
633 2454 984 2508 9..Ἐξαπατῆσ3αι)
997 2456 1148 2494 Mireris
1162 2454 1338 2508 profesto
1349 2454 1540 2494 editorum
1555 2454 1706 2507 diligen-

427 2509 532 2550 tiam.
547 2509 619 2549 Sed
631 2509 916 2563 ἐξαπατᾶσθαι
928 2539 942 2557 ,
959 2510 1024 2551 vel
1035 2508 1303 2563 έξιιπατῆσῧαι
1317 2508 1583 2556 scribendum,
1602 2509 1706 2555 dice÷
