1748 3420
420 241 509 286 292
610 212 1493 262 ANNOTATIONES

416 314 565 351 Verum
595 308 797 347 enimvero
825 304 948 343 rarior
972 304 1126 356 utrique
1147 303 1265 342 unius
1286 304 1452 343 voculae
1477 302 1689 344 intenestus

418 363 574 407 obstitit,
595 374 643 400 ne
661 358 809 399 sensum
827 358 1086 410 Euphorionis
1098 356 1284 395 haberent
1297 358 1563 409 exploratum3
1582 358 1690 410 quod

418 416 673 456 casaubonus
700 412 986 464 distinguendo,
1009 409 1210 449 Salmafius
1234 410 1464 450 certioribus
1487 411 1602 450 etiam
1628 423 1690 450 ar-

417 469 610 523 gumentis
630 464 804 519 patefecit
822 465 867 504 ad
876 464 999 504 Solin.
1018 477 1102 517 pag.
1127 462 1203 502 880
1217 462 1258 504 F.
1274 464 1413 502 etenim
1434 459 1514 516 εἴας
1529 466 1589 503 hic
1608 476 1689 503 non

417 538 492 568 ver,
513 521 840 574 quemadmodum
856 518 908 557 illi
926 518 1011 557 sunt
1029 517 1221 563 arbitrati,
1243 516 1303 555 sed
1314 517 1513 569 fimguinem
1530 518 1690 560 indicat:

417 576 592 628 Cypriae
608 573 769 614 diale&0
789 585 868 612 vox
891 572 1068 625 propria;
1090 570 1165 609 vid.
1194 570 1360 622 Hel'ych.
1389 571 1427 608 in
1443 570 1558 622 Ἔαρ,
1582 568 1691 622 Elone,

415 619 538 680 ςΗας,
557 629 774 680 Ἤεροπὸτης
794 655 804 672 ‚
820 627 925 676 Ἴαιρα
940 655 951 671 ,
978 625 1206 677 Ἰαρεπότυς,
1231 624 1269 662 8(
1291 623 1440 675 Fragm.
1465 623 1692 664 Callimachi

419 683 544 724 Bentl.
574 695 611 721 n.
642 681 756 728 CCI,
784 678 1004 719 CCXLVII
1021 708 1033 724 ‚
1063 677 1229 730 Oppian.
1254 677 1421 716 Halieut.
1444 676 1501 725 11,
1523 677 1623 724 618,
1648 677 1693 718 &

421 737 553 777 Schol.
569 748 666 788 quae
682 746 809 774 tamen
826 731 991 786 potestas
1005 732 1227 783 ceteroquin
1241 730 1463 770 Salmasium
1476 730 1597 784 ipsum
1608 743 1692 770 non

420 791 594 843 fugiebat
617 789 712 828 Plin.
732 788 867 827 Exere.
888 800 925 839 p.
943 786 1043 838 906,
1066 785 1131 824 ubi
1148 784 1312 836 Scaliger
1331 784 1522 824 immerito
1536 783 1693 837 castiga-

420 856 499 884 tur.
525 843 604 882 Iam
632 842 839 887 sententia,
863 842 901 878 ni
922 839 1047 885 fallor,
1065 838 1247 878 versuum
1271 837 1324 876 est
1344 837 1574 890 planissima:
1598 838 1692 878 illud

421 897 606 938 eximium
623 896 662 935 δε
677 908 768 944 vere
782 894 921 947 poetici
935 893 1087 939 coloris,
1102 892 1359 946 ’γεγραμμέναι
1373 891 1598 939 ›ambove-av,
1612 893 1692 946 ipsu

424 953 594 991 literarum
614 950 703 988 notis
727 950 847 988 luflum
866 948 1087 1000 gemitumque
1101 948 1305 999 prodentem.
1325 944 1447 985 Porro
1466 944 1634 985 fabulam
1650 958 1695 986 u-

421 1017 599 1057 tranique
610 1017 696 1043 cum
709 1002 891 1055 reperiret
903 1000 1083 1046 Ovidius,
1101 998 1299 1052 ingeniose
1314 999 1520 1038 coniunxit
1532 999 1694 1041 Metam.

423 1060 481 1104 X,
504 1058 577 1096 208
594 1087 606 1103 ,
626 1057 717 1096 XIII
734 1087 745 1104 ,
771 1069 857 1108 397.
872 1055 1003 1095 deinde
1025 1054 1141 1094 secuti
1155 1052 1240 1092 sunt
1251 1066 1340 1092 eum
1355 1052 1535 1103 Servius,
1554 1053 1692 1106 aliique

423 1111 690 1153 Grammatici.
712 1111 876 1149 ΗΕΜετ.

479 1166 515 1203 in
529 1164 643 1203 Schol.
657 1161 934 1216 Ἐπιθρίινοντοι)
951 1159 1235 1214 Ἐπιθρηνοῧντιι·
1252 1159 1415 1200 alterum
1433 1173 1480 1201 ne
1495 1159 1693 1202 Graecum

424 1219 592 1272 quidem.
614 1218 777 1256 HEMST.

480 1278 552 1311 ead.
570 1273 592 1308 l.
615 1285 674 1322 15.
694 1274 740 1308 Tb
760 1269 804 1309 δὲ
819 1269 884 1308 καὶ
896 1271 1026 1321 >gc-»001¹
1040 1267 1133 1320 διε.)
1150 1267 1307 1306 Initium
1326 1265 1467 1320 dialogi
1485 1278 1561 1306 tam
1584 1265 1696 1307 abru-

423 1337 534 1379 ptum
547 1355 558 1372 ‚
580 1326 620 1364 &
641 1324 690 1362 ab
703 1323 766 1363 illa
780 1324 973 1362 Lucianea
997 1322 1179 1362 sermonis
1197 1322 1368 1360 ordiendi
1384 1333 1431 1360 ex
1461 1321 1560 1360 edita
1572 1319 1696 1361 facili-

425 1390 505 1419 tate
531 1378 764 1425 abhorrens,
784 1389 825 1417 ut
853 1390 987 1430 parum
1010 1375 1122 1423 absit,
1140 1376 1235 1427 quin
1260 1375 1430 1414 intercidi
1461 1387 1483 1414 e
1509 1375 1696 1415 nonnulla

426 1434 604 1473 statuam:
629 1444 717 1470 nam
739 1431 838 1471 aliud
863 1431 1017 1484 quidem
1042 1429 1287 1481 colloquium
1310 1427 1505 1481 utriusque
1529 1429 1697 1469 numinis

425 1487 581 1540 reperio
594 1486 756 1532 nullum,
775 1497 864 1525 cum
883 1497 964 1537 quo
979 1484 1183 1524 commode
1199 1482 1377 1523 connecti
1390 1481 1496 1534 poffe
1508 1483 1696 1523 videatur.

422 1536 624 1588 Ἥφαιστον
636 1538 851 1593 apposuisse
863 1539 1029 1592 aliquem
1043 1536 1208 1590 suspicor
1224 1537 1263 1575 in
1276 1538 1466 1590 margine,
1483 1546 1542 1583 ut,
1553 1537 1600 1576 de
1612 1550 1696 1590 quo

427 1595 554 1635 sermo
577 1595 793 1640 haberetur,
811 1593 1011 1632 indicaret:
1039 1591 1283 1644 postmodum
1302 1590 1365 1630 illa
1379 1603 1463 1631 vox
1477 1620 1491 1637 ,
1511 1591 1696 1644 quemad·

428 1650 586 1688 modum
603 1647 712 1700 saepe
726 1647 808 1686 fieri
830 1646 923 1686 solet
937 1676 947 1690 ,
974 1646 1012 1685 in
1034 1656 1261 1685 contextum
1281 1645 1472 1698 migravit.
1494 1644 1533 1685 Si
1547 1645 1631 1698 quis
1645 1644 1697 1684 ab

428 1703 608 1753 exemplo
622 1701 724 1740 Dial.
742 1701 777 1741 11
793 1701 833 1740 δι
845 1700 994 1747 XXIV,
1008 1712 1246 1752 quamquam
1260 1711 1396 1739 eorum
1409 1698 1556 1739 diversa
1569 1698 1624 1739 est
1638 1711 1697 1738 ra-

428 1758 484 1796 tio
499 1787 508 1798 ,
525 1755 782 1795 defensionem
799 1766 905 1808 paret
916 1785 927 1803 ,
948 1765 1028 1794 tum
1044 1765 1146 1793 certe
1161 1753 1322 1806 parvula
1338 1752 1554 1792 mutatione
1567 1751 1698 1792 lefflo-

431 1824 517 1849 nem
537 1810 734 1862 vulgarem
758 1809 922 1848 adiutam
947 1807 1094 1847 malim:
1111 1809 1177 1848 Tor
1201 1804 1248 1847 ἑὲ
1272 1806 1338 1846 καὶ
1361 1809 1490 1861 χωλὺν
1512 1806 1605 1848 'bum
1630 1810 1697 1847 τὴν

423 1859 626 1912 Ἥφαιστον
641 1864 716 1903 &c.
733 1865 898 1902 HEMST.

486 1917 696 1957 ihidJOvm
708 1917 788 1970 τὶν)
804 1917 894 1956 Edd.
913 1915 1116 1969 pleraeque
1129 1911 1242 1954 αὗτὶν
1257 1914 1351 1954 'dvm
1361 1943 1373 1961 ‚
1397 1913 1537 1968 absque
1550 1914 1623 1955 τόν.
1634 1913 1697 1955 Ο-

431 1969 551 2025 ptime
563 2001 575 2017 ‚
596 1983 680 2009 mea
695 1972 850 2023 quidem
863 1969 1064 2015 sententia,
1085 1970 1115 2008 1.
1129 1981 1244 2021 quam
1261 1967 1520 2022 expreffimus.
1535 1968 1696 2008 SOLAN.

483 2027 556 2064 ead.
569 2026 593 2063 l.
609 2039 666 2074 17.
682 2025 751 2064 Τὴν
769 2023 906 2077 Χάριν)
919 2023 1010 2062 Hoc
1028 2021 1082 2062 est
1096 2053 1108 2071 ,
1127 2023 1331 2062 maximam
1351 2033 1447 2062 natu
1460 2023 1574 2062 trium
1588 2021 1697 2063 Cha·

428 2079 565 2125 ritum,
586 2078 649 2118 seu
675 2078 916 2125 Gratiarum,
939 2090 1055 2129 quam
1079 2079 1218 2127 poetae
1241 2075 1488 2117 collocarunt
1510 2075 1698 2118 Vulcano

430 2144 589 2186 propter
604 2145 722 2184 opera
739 2133 820 2172 eius
838 2131 1051 2183 χαρίεντα,
1067 2131 1242 2182 elegantia.
1258 2129 1386 2170 CLER.

483 2188 518 2225 in
533 2187 647 2226 schol.
664 2186 776 2239 Ἀστ.)
792 2184 970 2239 ἀτυχία)
985 2184 1115 2223 Pravo
1132 2184 1220 2224 usus
1232 2183 1286 2223 est
1298 2183 1443 2225 Codice
1452 2197 1467 2233 ·,
1486 2183 1697 2237 utrobique

426 2241 527 2280 enim
540 2251 698 2279 erratur.
715 2235 806 2280 Εὗπ,
825 2237 904 2279 εὖτ.
925 2237 1164 2278 scribendum
1176 2237 1271 2287 fuit,
1294 2239 1337 2279 δι
1354 2238 1406 2278 ita
1426 2238 1466 2277 In
1488 2238 1583 2278 Exc.
1602 2237 1698 2290 legiq

428 2304 505 2334 tur.
525 2294 682 2334 SOLAN.

480 2348 572 2399 Pag.
591 2361 650 2396 44.
672 2348 695 2385 l.
722 2361 756 2386 2.
780 2345 850 2385 Καὶ
866 2346 964 2397 εόμως·
981 2343 1145 2386 τοιοῦτον
1165 2346 1258 2386 ’όν-τα.
1277 2342 1406 2393 αὗτὶν,
1423 2344 1697 2397 περιβάλλουσί

425 2415 472 2440 τε
483 2431 497 2448 ,
512 2402 576 2440 καὶ
593 2398 768 2449 φιλοῦσι,
786 2401 850 2440 καὶ
864 2399 1188 2453 συγκαθεύὲουσι)
1201 2400 1332 2447 Patet,
1351 2398 1585 2453 postremum
1603 2411 1696 2439 ver-

424 2454 517 2495 bum
546 2454 820 2506 συγκαθεύέειν
840 2455 890 2493 ita
912 2455 1068 2493 contexi
1092 2467 1181 2494 cum
1201 2453 1330 2493 verbis
1352 2452 1670 2506 praecedentibus
1678 2461 1717 2500 ,”’

425 2522 524 2562 quae
538 2508 797 2550 accusativum
813 2509 854 2548 8<
868 2507 1031 2562 poscunt
1044 2509 1086 2548 δι
1097 2508 1260 2555 habent,
1275 2507 1381 2562 quasi
1397 2507 1438 2547 δι
1454 2505 1575 2561 ipsum
1599 2514 1698 2560 gauq'
