1748 3420
118 204 198 250 IN
232 203 630 252 DIALOGOS
669 207 1190 255 MORTUORUM.
1225 224 1314 270 401

53 293 267 348 χοιριὲιόις,
282 291 380 345 ἄπες
397 295 579 346 ὦνὲμοεζον
595 295 788 347 καθάρσια.
806 296 907 336 Suid.
919 297 1117 337 Scholiast.
1129 298 1324 352 Aristoph.

52 347 208 386 Caelius
229 360 260 386 c.
279 361 347 394 20,
369 349 393 387 1.
413 364 447 400 3.
468 349 636 399 Hesych.
651 350 775 388 verbo
795 350 982 400 κάθαρμα.
1008 349 1117 390 τοῦτο
1132 352 1170 390 5²
1185 353 1327 394 ἐποίουν

0 425 1 439 ι
55 399 85 453 οἱ
97 401 293 453 λεγὸμενοι
308 403 589 454 περιστίαρχοι,
605 404 872 452 ὃνομοισέιέντες
890 401 1006 442 οὕτως
1019 405 1035 442 ii
1050 405 1126 443 ἀπὸ
1140 403 1207 444 τοῦ
1220 421 1327 458 περι-

24 484 26 489 ,
54 455 223 506 στίχειν,
236 454 254 495 ἢ
268 454 348 492 ἀπὸ
360 454 426 496 τῆς
440 454 581 494 ἑστίας.
594 456 694 494 Suid.
707 455 878 506 Hesych.
893 458 1064 496 ultimam
1075 460 1195 510 tangit
1211 461 1327 511 origi.

19 556 21 558 Ι
41 509 264 549 nationem.
283 508 341 547 Ex
358 509 413 548 his
424 508 677 548 Peristiarchis
691 510 877 560 καθάρσια
889 511 987 549 dicia
999 513 1192 563 περιστιοι.
1208 513 1329 553 Scho-

53 559 146 600 liast.
163 561 357 614 Aristoph.
373 563 421 601 ad
437 561 626 602 Concion.
643 563 764 614 tangit
777 563 867 601 alibi
884 565 1040 603 Lucian.
1068 565 1240 604 Eoum).

0 630 1 647 1
18 639 20 642 >
107 618 181 653 ead.
199 616 222 654 l.
247 628 305 662 14.
325 617 511 667 Τριβώνιον
525 614 627 667 ἔχων
638 615 856 669 πολύθυρον)
879 618 1009 656 Utitur
1032 618 1109 657 hoc
1129 619 1220 658 loco
1235 619 1328 662 Οᾶ.

0 663 1 670 ’
53 667 204 708 Ferrar.
223 669 269 707 de
288 668 339 711 R.
354 670 404 709 V.
422 669 530 717 P.11‚
544 670 608 708 lib.
624 669 692 708 IV.
708 682 740 708 c.
760 671 874 717 14‚&
895 670 923 709 I.
944 670 1122 710 Pricaeus
1145 673 1190 710 ad
1209 673 1328 725 Apul.

0 732 1 736 ’
53 721 215 761 Metam.
228 721 257 769 Ι,
274 736 309 774 Ρ.
322 736 363 770 4,
376 723 457 770 ubi,
470 722 588 774 sdffili
599 724 775 776 palliastro
783 724 1022 775 semianimus.
1035 725 1133 763 Tale
1145 727 1329 778 τριβώνιον

52 785 134 815 erat
149 775 326 816 Carionis
352 777 389 814 in
413 775 609 829 Aristoph.
627 775 725 816 Plut.
749 791 789 816 v.
814 792 916 829 7153
939 779 1004 830 qui
1029 791 1120 817 cum
1141 778 1178 817 se
1198 780 1328 820 vidisse

0 823 1 870 l
51 839 247 878 narraret,
266 841 368 882 quae
384 830 432 868 ab
450 829 680 882 Aesculapio
697 843 934 882 gererentur,
957 832 1088 883 Atqui,
1108 832 1248 882 siclus,
1272 834 1330 872 in-

85 884 140 922 uit
155 883 260 931 hera,
273 886 437 936 quomodo
445 885 595 936 potuisti,
608 884 665 937 qui
678 896 708 922 te
716 885 858 936 palliolo
870 886 995 923 dixeris
1006 886 1193 924 involutum
1203 888 1224 924 ?
1243 898 1329 926 turn

53 897 219 977 garion:
237 936 307 976 :Prie
326 935 392 976 τοῦ
406 937 601 989 τριβωνίου.
627 937 755 976 ’omer
781 941 860 991 ’γὰρ
887 935 995 990 εἶχεν
1014 935 1077 977 οὐκ.
1095 940 1247 992 ὀλίγοις,
1268 943 1331 991 μοι

53 993 114 1030 τον
137 991 224 1029 Δία.
238 990 368 1030 Schol.
382 990 563 1030 ’ovensi
576 992 650 1030 τὰς
664 991 854 1043 τρώγλοις·
871 991 1078 1032 commode
1085 1007 1098 1040 3
1119 1005 1206 1031 nam
1222 993 1261 1032 in
1275 994 1332 1032 A.

55 1044 310 1097 pophthegm.
323 1044 484 1083 Macarii
497 1044 701 1097 στιχέιριον
712 1044 830 1084 λινοῦν
843 1049 1064 1098 τρωγλωτον
1077 1045 1130 1085 est
1132 1048 1331 1098 sticharium

38 1099 174 1153 ‚lineum
191 1114 234 1137 ac
251 1098 414 1138 lacerum:
437 1098 570 1151 qualia
595 1111 696 1151 quae
717 1098 896 1152 Telepho
919 1100 1153 1138 mendicanti
1178 1100 1332 1141 dederat

0 1159 1 1164 ’
54 1152 256 1205 Euripides
266 1182 277 1200 ,
294 1151 386 1204 ῥάκη
399 1151 547 1192 ‹sinor-tot
562 1154 627 1191 nai
643 1152 830 1191 κάτοπτα
842 1152 1040 1205 πανταχῆ
1052 1154 1092 1192 in
1103 1154 1271 1194 Acharn.
1289 1169 1330 1196 v.

54 1221 148 1259 434,
167 1206 204 1244 id
218 1205 291 1251 est,
307 1217 350 1245 ut
365 1205 489 1245 Schol.
508 1206 561 1245 ait
575 1236 585 1253 ‚
605 1205 843 1258 πολύτρητει.
873 1208 1038 1246 HEMST.

109 1260 146 1297 in
159 1261 273 1298 Schol.
289 1260 351 1298 col.
373 1273 405 1298 1.
420 1260 443 1299 l.
461 1274 494 1312 3.
515 1262 661 1313 Τυχον)
688 1259 833 1299 Placuit
850 1273 898 1299 ex
919 1260 966 1300 C.
987 1261 1043 1300 Μ.
1060 1272 1289 1303 annotatum
1310 1277 1332 1304 a

61 1312 220 1354 Solano.
235 1325 323 1353 ante
336 1312 411 1352 fuit
423 1314 570 1353 editum
583 1313 737 1366 τυχεῖν.
755 1315 924 1353 HEMST.

110 1368 190 1406 ibid.
211 1368 233 1406 l.
248 1367 284 1405 6.
300 1366 473 1420 'Avt'riv‘to)
489 1366 536 1407 C.
551 1366 751 1417 Μ.,οἰνεῒτο.
773 1371 816 1406 V.
835 1368 979 1407 ἀνείτω.
999 1367 1160 1409 SOLAN.
1183 1369 1335 1411 Inscitia

57 1420 300 1461 formationis
308 1420 593 1461 Grammaticae
604 1452 615 1469 ‚
635 1434 713 1474 qua
728 1420 837 1474 saepe
853 1422 1048 1467 labuntur,
1063 1436 1162 1475 quos
1178 1425 1335 1464 minime

58 1475 284 1529 oportebat,
301 1477 449 1528 peperit
468 1474 665 1514 absurdam
690 1475 790 1514 illam
809 1476 866 1515 ed.
882 1477 932 1515 A.
953 1475 1171 1517 leffionem.
1188 1478 1336 1518 Merito

60 1529 244 1583 probavit
259 1528 486 1582 scripturam
500 1528 547 1568 C.
562 1529 617 1568 M.
631 1528 807 1568 Solanus.
837 1530 1004 1569 HEMST.

112 1584 193 1623 ibid.
208 1584 273 1623 col.
289 1598 323 1622 2.
338 1584 361 1621 l.
384 1597 415 1622 1.
427 1582 615 1636 Ἀπορίαν)
636 1580 813 1635 Εὖπορίοιν
830 1584 874 1623 V.
889 1584 930 1623 δι.
942 1597 1052 1631 ΠῚΟΧ,
1067 1585 1107 1623 τί
1117 1586 1197 1637 ’γᾶς
1218 1586 1292 1626 ἐὰν.
1306 1614 1315 1625 .
1328 1618 1336 1627 ,

61 1637 284 1677 carinam.
309 1637 469 1677 SOLAN.

115 1692 195 1731 ibid.
211 1692 234 1730 l.
249 1707 286 1741 4.
309 1691 473 1732 Τέθνηκεν
494 1689 650 1740 ἀπεψίᾳ.
666 1691 826 1742 τούτων)
843 1691 889 1731 C.
908 1690 995 1730 abb.
1010 1689 1244 1731 ἀπεπτήσας
1257 1692 1339 1733 ἑτε-

13 1758 25 1770 ·
60 1745 194 1785 λεὺτοι.
212 1747 254 1784 V.
268 1744 528 1795 ἀπεμπτῆσοιι
540 1746 674 1784 τούτω.
690 1745 849 1784 Fallitur
865 1745 1089 1785 Schol.nor1
1103 1746 1207 1784 enim
1224 1747 1339 1786 inter-

61 1798 153 1840 fecit
167 1799 396 1853 Menippum
411 1800 552 1839 horum
564 1799 738 1839 ciborum
753 1800 944 1846 cruditas·‚
964 1798 1025 1838 sed
1043 1798 1101 1837 his
1112 1798 1339 1840 vescebatur

61 1854 200 1906 vulgo.
217 1854 400 1893 Mortuus
414 1852 467 1893 est
482 1865 609 1892 autem
621 1883 633 1898 ,
646 1865 689 1892 ut
700 1853 851 1892 videbis
869 1864 961 1892 nota
976 1853 1023 1891 ad
1039 1852 1081 1891 B.
1093 1868 1156 1904 πρ.
1171 1866 1255 1906 cap.
1276 1868 1334 1894 10.

65 1907 226 1947 SOLAN.
250 1907 362 1947 Prius
382 1908 520 1959 elegit,
541 1907 647 1958 quod
670 1918 875 1959 reponeret
889 1906 1064 1946 Solanus.
1087 1906 1171 1958 Ego
1193 1908 1341 1948 nullam

64 1961 140 2001 effe
153 1962 344 2001 rationem
369 1962 522 2007 censui,
548 1973 618 2000 cur
643 1961 872 2014 negligerem
893 1961 936 1998 V.
953 1959 1156 2000 leetionem
1183 1962 1344 2001 minim-a

65 2016 284 2056 mutatione
296 2016 462 2055 adiutam
476 2027 484 2055 :
498 2013 632 2064 τούτῳ,
642 2031 678 2054 eo
689 2016 780 2067 quod
786 2030 852 2054 ova
862 2015 966 2053 cruda
979 2026 1165 2052 voraverat.
1175 2015 1344 2057 HEMST.

122 2070 212 2123 Pag.
229 2083 316 2122 130.
331 2071 354 2108 l.
372 2083 404 2108 1.
421 2068 689 2120 Ἐπιπτυχοιῑς
704 2067 777 2108 τῶν
791 2068 944 2121 ῥακίων)
961 2067 1066 2107 Dico
1081 2068 1127 2106 ad
1140 2068 1344 2112 Heliodor.

65 2123 130 2166 nb.
150 2124 185 2163 6.
209 2123 384 2164 BOURD.

123 2180 196 2216 ead.
210 2178 237 2217 l.
251 2191 286 2216 2.
299 2176 513 2230 Τοιπολλὲι)
529 2176 571 2216 L.
586 2175 666 2216 Bos
680 2175 726 2215 de
740 2174 808 2215 ΕΠ.
822 2175 891 2216 Gr.
908 2189 944 2229 p.
966 2188 1054 2224 142,
1064 2175 1271 2229 interprete
1285 2190 1347 2218 ca-

68 2230 226 2284 stigato,
240 2232 307 2284 qui
326 2234 380 2271 τοι
392 2234 525 2269 πολλὰ
549 2230 751 2269 reddiderit
769 2231 976 2283 plerumque,
1002 2229 1102 2269 hanc
1125 2230 1345 2271 versionem

68 2284 268 2338 expreffit:
281 2301 322 2325 ac
336 2285 558 2340 philosbplzos
568 2285 647 2324 illos
658 2295 855 2337 arrogantes
865 2285 974 2323 multa
982 2284 1182 2336 perstringit.
1195 2286 1346 2325 Verum

68 2338 231 2386 dixiffet‚
248 2337 276 2378 si
287 2338 480 2392 legeretur
498 2340 537 2378 in
548 2338 721 2378 Luciano
737 2340 869 2377 πολλὰ
888 2338 1141 2376 ἐπισκώπτει·
1163 2343 1347 2379 υῑπολλέι

53 2425 57 2427 .
71 2393 340 2444 λοιέορεῖσῧαι,
355 2391 613 2444 antverpia-3001·
626 2404 730 2432 nunc
744 2391 889 2431 nullam
903 2392 1088 2444 interpres
1098 2402 1231 2431 notam
1244 2405 1348 2432 com-

71 2448 230 2487 meruit:
254 2447 353 2486 idem
369 2446 423 2486 est
438 2450 490 2485 τὰ,
504 2448 653 2492 πολλὰ,
673 2446 780 2497 quod
795 2442 843 2484 ὥς
854 2445 1034 2490 ἐπιπολὺ,
1057 2441 1103 2483 ὣς
1119 2444 1348 2494 ἐπιτοπολὺ,

71 2501 215 2554 quibus
226 2501 346 2540 utitur
361 2500 488 2541 Schol.
501 2499 746 2552 Thucydidis
756 2499 802 2542 ad
816 2499 908 2542 illud
922 2497 1204 2593 expliccandum.
1227 2499 1352 2553 Saepe

153 2555 299 2595 Lucian.
327 2556 406 2595 Vol.
425 2554 473 2595 IL
1084 2563 1106 2592 c
