1748 3420
448 227 535 273 332
635 208 1510 256 ANNOTATIONES

447 297 587 335 starum
606 295 686 334 edd.
700 310 832 335 aeratae
840 312 856 343 ;
872 297 1038 344 Brantii,
1060 297 1217 335 iubatae:
1235 297 1427 350 ingerebat
1439 299 1485 339 C.
1507 298 1560 338 Fl.
1582 297 1697 351 ipsam

446 350 670 395 veritatem,
686 363 801 401 quam
814 361 939 389 tamen
957 351 1067 389 unius
1079 349 1199 389 solum
1214 350 1343 391 literae
1353 351 1510 392 solemni
1526 353 1701 392 mutatio·

445 413 495 440 ne
518 401 777 450 obscuratam,
797 403 1114 450 Elmenhorstius,
1130 403 1255 444 nescio
1277 417 1357 456 quo
1380 406 1493 458 pacto
1513 406 1557 444 ad
1585 407 1700 444 abbam

447 453 614 501 delatus,
635 457 811 508 expedire
825 469 903 495 non
918 458 1060 509 potuit:
1083 469 1196 508 atque
1217 457 1309 496 haec
1332 467 1409 497 tam
1427 459 1537 511 plana
1552 458 1701 498 videtur

450 509 667 547 emendatio
679 540 690 555 ‚
709 520 751 547 ut
762 539 776 555 ,
793 510 887 562 quin
900 511 978 549 aliis
994 511 1122 549 itidem
1139 512 1174 548 in
1190 521 1352 549 mentem
1365 512 1536 557 venerit,
1553 512 1618 550 vix
1632 511 1702 550 du·

448 560 577 599 bitem.
591 563 607 580 ⁸
624 561 802 601 Castores
817 573 942 602 autem
961 564 1133 615 Spartani
1146 564 1226 602 iure
1243 563 1362 615 pileos
1376 563 1518 616 insigne
1538 565 1702 616 patrium

445 613 662 666 gestabant:
682 617 749 654 ovi
773 615 1051 656 similitudinem
1073 618 1164 669 quid
1186 617 1400 656 credibilius
1422 617 1498 663 est,
1516 630 1630 669 quam
1653 618 1703 657 ab

448 679 585 706 eorum
604 667 782 708 fabulosis
801 670 1009 716 natalibus,
1027 683 1127 722 quos
1142 671 1335 709 Homerus
1356 670 1506 723 quidem
1529 672 1678 723 ignorat
1691 701 1704 720 ,

449 732 552 760 certe
568 721 753 774 nusquam
768 734 1068 778 commemorat,
1089 722 1193 762 fuiffe
1214 723 1442 764 derivatam?
1465 724 1555 763 vide
1573 724 1708 764 Tzetz.

453 774 502 812 ad
513 774 708 827 Lycophr.
721 790 759 816 v.
777 777 848 827 506
859 806 869 820 ,
879 776 944 814 ‘stu
958 777 1135 828 ὀστράκου
1147 777 1338 827 στρόβιλος
1348 777 1610 827 ἑντετμιιμένος
1623 777 1704 829 Κόρ-

451 842 519 867 σην
534 830 718 867 ciceri-&cst
733 842 792 858 —·
806 830 872 882 qui
885 829 994 869 locus
1010 840 1124 878 vetat,
1145 843 1190 869 ne
1203 842 1289 868 cum
1310 830 1465 869 Pottero
1479 831 1516 869 in
1529 829 1638 870 versu
1654 831 1706 884 89

450 883 646 931 Κελυφάνῳ
665 883 850 933 στροβίλσυ
868 882 943 935 (ita
966 883 1164 935 legendum
1187 882 1309 935 puto)
1329 882 1629 935 ὦστρακωμένην,
1647 884 1707 923 in-

452 936 696 987 terpretando
710 938 754 975 de
767 937 923 976 cochlea
937 939 1165 989 cogitemus:
1181 938 1350 988 ὄστρακα
1362 938 1502 989 poetis,
1514 949 1556 976 ut
1571 936 1708 977 Gram-

452 990 580 1027 matici
595 1001 744 1028 veteres
759 990 918 1037 docent,
932 991 994 1030 vel
1009 1003 1085 1029 ova
1097 1021 1108 1036 ‚
1126 990 1188 1029 vel
1200 1002 1368 1029 ovorum
1380 989 1515 1030 testae:
1538 989 1707 1042 Hesych.

449 1039 673 1093 Ὀστρέικων·
688 1042 875 1090 Ἀπτιῖνοι,
895 1045 1039 1090 τυτθὸν,
1054 1042 1137 1096 οἲρτι
1160 1046 1303 1095 ’γυμνὸν
1325 1044 1522 1096 ὀστράκων·
1543 1044 1626 1083 ἀντὶ
1639 1042 1708 1083 τοῦ

452 1092 544 1142 Mi,
555 1096 647 1134 τινὲς
662 1095 705 1134 Σὲ
720 1097 894 1143 κελὺφων·
909 1110 957 1137 eo
974 1098 1090 1137 modo
1102 1097 1389 1137 constituendus
1401 1097 1453 1136 est
1467 1097 1530 1136 hic
1540 1096 1708 1149 Aeschy-

449 1146 497 1192 li,
515 1149 619 1200 quod
634 1161 681 1187 ex
695 1149 817 1189 Photii
832 1151 975 1191 Lexico
989 1151 1204 1196 didicimus,
1225 1150 1332 1190 locus
1343 1181 1354 1199 ,
1373 1163 1496 1203 neque
1509 1151 1614 1190 aliter
1627 1151 1709 1190 exi-

452 1199 610 1241 stimasse
627 1201 848 1242 Salmasmm
864 1216 1029 1256 pateret,
1049 1204 1075 1243 si
1093 1204 1296 1256 genuinam
1312 1203 1446 1243 summi
1466 1205 1537 1243 viri
1552 1216 1707 1244 manum

455 1256 562 1306 operi
571 1254 743 1306 suscepto
754 1257 867 1308 longe
879 1258 999 1310 impar
1009 1258 1250 1298 Schrevelius
1259 1256 1382 1297 fuiffet
1392 1257 1589 1298 assecutus.
1603 1259 1710 1298 Haec

453 1309 570 1348 etiam
596 1309 731 1358 causa,
748 1324 816 1350 cur
838 1324 917 1350 ova
939 1325 1006 1364 per
1028 1311 1064 1351 se
1085 1311 1319 1358 Dioscuros,
1337 1322 1380 1350 ut
1394 1322 1553 1359 notum,
1569 1312 1709 1350 indica-

455 1372 551 1400 rent.
565 1363 726 1406 Tertull.
741 1365 786 1403 de
799 1363 921 1416 Spe&
937 1378 971 1404 c.
988 1364 1023 1403 8.
1040 1365 1079 1403 in
1092 1365 1367 1418 Hippodromo
1385 1363 1710 1423 Constantinopo-

452 1415 572 1454 litano
592 1416 702 1456 locus
717 1417 795 1457 τοῖς
813 1417 878 1456 τοῦ
903 1421 987 1457 Διὸς
1005 1418 1238 1468 ἀνακείμενος
1260 1417 1403 1469 κούροις,
1428 1417 1505 1457 ἔνθα
1529 1418 1592 1457 καὶ
1607 1433 1662 1457 νυν
1680 1417 1712 1457 οἱ

454 1468 671 1522 ›eamr-tiniec
684 1469 700 1524 (
712 1471 882 1522 καμπτοὶ
894 1472 1057 1512 ediderat
1073 1471 1239 1524 Douza)
1253 1470 1409 1512 sumam
1428 1474 1480 1510 τέι
1496 1470 1566 1511 τῶν
1583 1472 1710 1524 ἐφόρων

453 1523 702 1575 ’γνωρίσματα
715 1524 784 1563 διὰ
797 1524 867 1564 τῶν
881 1525 1114 1576 ἐπικειμένων
1130 1525 1202 1564 ὦῶν
1215 1525 1291 1564 τοῖς
1310 1524 1474 1578 χαλκοῖς
1494 1524 1710 1572 ὀβελίσκοις,

454 1576 546 1615 teste
560 1576 714 1617 Codino
732 1578 770 1617 in
785 1578 892 1631 Orig.
907 1578 1038 1619 Const.
1052 1593 1086 1632 p.
1103 1581 1126 1620 6
1146 1580 1188 1618 B.
1202 1578 1351 1624 Immo,
1367 1591 1414 1618 ne
1434 1578 1603 1618 miraculi
1619 1577 1714 1619 fides

454 1630 555 1681 apud
576 1632 747 1683 posteros
768 1632 883 1671 ullam
911 1633 950 1671 in
971 1645 1113 1685 partem
1136 1633 1353 1680 laboraret,
1378 1632 1417 1671 in
1437 1632 1710 1685 Leucippidum

453 1683 602 1736 templo
630 1684 788 1737 Spartae
809 1699 931 1725 ovum
954 1698 1033 1726 erat
1055 1699 1078 1726 a
1101 1686 1270 1739 lacunari
1292 1684 1528 1738 suspensum,
1556 1687 1714 1733 taeniis,

455 1737 597 1789 quippe
619 1752 676 1778 res
694 1738 910 1787 sacerrima,
929 1740 1116 1780 velatum:
1143 1737 1233 1780 εἶναι
1252 1739 1300 1779 sel
1319 1753 1439 1790 <pacm
1459 1737 1523 1778 εἲον
1547 1737 1677 1783 ἐκεῖνο,
1692 1739 1712 1778 3

455 1791 576 1830 τεκεῖν
591 1792 718 1832 masau
735 1793 822 1845 ἔχει
845 1794 974 1845 λόγος·
994 1795 1170 1833 nimirum
1191 1794 1237 1833 ad
1256 1803 1417 1834 aetatem
1436 1791 1555 1846 usque
1573 1791 1714 1833 Pausa-

456 1844 540 1883 niae
563 1846 832 1896 perduraverat
855 1847 1107 1887 vivacissimus
1127 1847 1188 1886 ille
1202 1858 1357 1893 cortex,
1378 1846 1430 1886 111
1443 1877 1456 1892 ‚
1470 1861 1505 1899 p.
1529 1860 1614 1894 247.
1632 1847 1714 1887 Ve-

455 1909 670 1938 rumtamen
683 1913 768 1939 eam
783 1901 830 1939 ab
843 1914 926 1940 ovo
948 1900 1107 1946 sumtam
1122 1901 1306 1940 rationem
1326 1900 1483 1940 invertit
1497 1897 1650 1952 prorsus
1662 1899 1708 1940 Is.

454 1951 614 1991 Voffius
635 1954 681 1992 ad
697 1954 840 1994 Catuli.
858 1967 940 2008 pag.
956 1968 1021 2006 91,
1038 1955 1211 1999 fabellam
1234 1954 1415 1994 natalium
1430 1954 1567 1993 exinde
1589 1954 1715 1993 videri

457 2005 663 2045 conficiam
681 2006 866 2056 statuens,
883 2009 988 2061 quod
1002 2010 1075 2048 toti
1096 2022 1143 2048 ex
1157 2021 1239 2048 ovo
1254 2006 1405 2047 diffefto
1417 2037 1429 2055 ,
1447 2007 1483 2046 id
1498 2006 1571 2054 est,
1591 2019 1639 2046 ex
1654 2008 1718 2060 pi,

456 2058 588 2105 leolis,
609 2073 707 2112 quae
731 2061 897 2114 gestant,
916 2063 1067 2114 prodire
1090 2062 1299 2101 videantur.
1321 2060 1417 2100 Sane
1439 2059 1714 2100 subtilissimum

457 2124 545 2151 eum
560 2112 664 2154 fuiffe
677 2114 896 2155 fabellarum
911 2115 1256 2156 consarcinatorem
1271 2125 1426 2168 oportet
1436 2143 1447 2160 ‚
1463 2114 1530 2167 qui
1543 2114 1590 2153 ab
1604 2115 1715 2154 initio

456 2176 534 2205 tam
558 2169 660 2206 tenui
677 2168 897 2220 procefferit
909 2170 953 2208 ad
970 2181 1232 2209 commentum
1247 2168 1401 2220 originis
1416 2166 1594 2208 mirificae
1608 2169 1722 2221 peni-¹

458 2229 521 2258 tus
536 2219 735 2273 singulare.
747 2222 825 2261 Iam
841 2224 946 2275 quod
963 2223 1098 2262 ibidem
1119 2223 1280 2262 affirmat
1292 2251 1302 2269 ,
1325 2222 1422 2274 apud
1434 2221 1639 2275 Spartanos
1659 2222 1715 2275 pi-

457 2272 560 2312 leum
574 2287 654 2313 non
676 2275 857 2318 libertatis
872 2286 1040 2322 tantum,
1060 2277 1113 2315 uti
1136 2277 1236 2329 apud
1249 2276 1449 2315 Romanos
1468 2275 1507 2315 δεῖ
1528 2275 1714 2315 Macedo-

457 2338 541 2375 nas,
555 2326 615 2367 sed
635 2329 675 2368 &
688 2330 890 2370 nobilitatis
908 2329 1012 2371 fuiffe
1027 2330 1202 2370 indicium
1214 2361 1225 2376 ‚
1241 2330 1276 2368 id
1293 2328 1446 2381 quidem
1464 2328 1571 2376 leve,
1590 2340 1628 2368 at
1642 2329 1721 2370 mi-.

457 2392 528 2419 nus
541 2390 668 2421 tamen
683 2395 905 2423 accuratum
919 2396 929 2422 :
951 2382 1166 2423 fefellerunt
1178 2384 1306 2423 virum
1322 2394 1506 2435 magnum
1519 2381 1721 2435 Excerpta.

517 2462 534 2478 '⁶
557 2459 650 2491 Vidit
670 2459 760 2492 hunc
777 2471 920 2495 errorem
947 2458 1153 2504 scripturae,
1179 2458 1379 2504 sustulitque
1399 2459 1452 2493 cl.
1474 2457 1607 2493 Salmas.
1629 2456 1714 2491 Ptin.

429 2519 437 2524 -
458 2503 574 2540 Exere.
589 2516 622 2547 p.
639 2514 700 2548 392
715 2505 753 2537 E.
