1748 3420
444 227 531 274 512
641 207 1513 260 ANNOTATIONES

489 297 563 333 ead.
584 295 609 333 l.
623 310 658 334 2.
673 292 751 334 Οὐκ
764 295 952 349 ὀλιγωρεῖς
971 296 1047 336 τῶν
1059 297 1204 350 καλῶν)
1226 298 1410 338 Nondum
1426 299 1623 340 Socratem
1639 312 1709 339 au-

435 347 498 387 sus
517 348 646 388 incesti
661 361 843 401 arguere,
862 351 1021 389 modum
1037 351 1077 389 in
1092 352 1187 390 iocis
1208 353 1370 405 aliquem
1386 352 1522 392 servat.
1545 355 1624 392 Ars
1638 366 1709 392 au-

437 414 533 449 tem,
546 415 661 454 quam
676 403 738 442 hic
752 404 939 450 nominat,
951 417 994 442 ea
1005 404 1072 449 est,
1085 418 1160 456 qua
1172 405 1346 445 Socrates
1357 407 1571 446 animorum
1585 405 1623 446 se
1633 408 1710 445 ob-

437 456 626 495 stetricem
641 457 682 496 δι
696 457 767 496 dici
778 458 820 497 δε
832 457 964 496 haberi
977 459 1166 510 cupiebat.
1178 458 1242 498 De
1252 459 1450 498 Alcibiade
1465 459 1713 512 Socratisque-

437 510 476 548 in
485 523 573 548 eum
585 523 717 549 amore
729 510 849 562 Diog.
864 511 988 550 Laert.
1004 525 1040 564 p.
1053 527 1070 562 3
1080 511 1102 549 8
1118 512 1159 550 F.
1178 512 1218 551 δι
1232 526 1282 560 40
1296 513 1337 552 F.
1353 514 1452 564 apud
1462 513 1708 552 Athenaeum

437 562 596 615 Aspasia
608 563 763 616 ipseque
773 565 1012 604 Athenaeus:
1028 565 1120 618 quin
1133 565 1173 604 &
1189 564 1263 618 ipse
1272 567 1490 605 Alcibiades
1502 567 1603 619 apud
1610 565 1707 607 Plat.

438 623 572 666 Συμπ.
585 617 686 656 Alibi
698 617 837 657 Noster
850 631 932 657 non
947 631 1021 657 tam
1037 630 1148 658 caute
1162 619 1208 658 de
1221 620 1415 659 amoribus
1428 619 1503 659 istis
1515 621 1708 672 loquitur3

439 681 484 709 ut
498 670 538 709 δι
551 675 634 722 Περ.
652 684 687 710 c.
701 685 764 724 43.
780 671 851 711 Sed
863 672 952 712 vide
965 672 1038 710 illic
1051 672 1173 712 Notas
1186 672 1346 720 nostras,
1359 674 1405 712 ad
1420 678 1506 726 Περ.
1518 685 1646 714 autem
1656 673 1710 714 T.

437 724 567 764 Fabri.
589 724 748 764 SoLAN.
1594 776 1596 778 ‚
1697 738 1701 744 ·

493 781 567 817 ead.
578 779 601 816 l.
617 791 648 829 5.
662 781 726 816 M&
740 777 814 823 Δί’,
825 777 887 817 ἐπὶ
904 780 968 817 τον
981 777 1121 830 Κροῖσον
1135 781 1214 834 ’γὰρ
1231 780 1294 819 καὶ
1308 779 1615 832 Σαρδανάπαλον
1628 777 1711 821 ἅπ-

439 831 538 885 ειμι)
560 832 808 871 Benedictus:
830 834 915 871 Non
926 847 987 884 per
999 833 1133 872 Iovem:
1157 834 1311 885 Croesum
1333 834 1464 872 enim&
1477 838 1711 886 Sardanapa-

441 887 513 925 lum
524 889 619 924 adeo.
635 886 726 925 Non
736 885 843 925 secus
857 899 912 932 ac,
924 885 953 924 st
967 886 1147 926 voluiffet
1156 888 1396 939 negationem
1409 887 1616 937 Lucianus,
1626 901 1708 928 non

439 940 614 994 potuerit
630 953 731 979 nunc
746 952 904 992 quoque
916 941 1060 986 dicere,
1077 952 1119 980 ut
1136 954 1230 981 mox
1250 953 1337 980 ante
1359 937 1396 979 οὗ
1407 943 1466 990 μέι
1480 942 1556 980 Δία
1569 971 1579 989 ,
1600 943 1710 981 ἀλλὰ.

441 992 641 1044 ,cavasagra
654 1024 666 1040 ‚
686 993 751 1032 κει)
763 993 874 1042 τάφος
889 993 962 1033 &c.
984 994 1078 1033 &in
1096 995 1275 1034 Vitarum
1292 995 1491 1042 auctione,
1514 993 1553 1034 οὐ
1567 998 1628 1046 μὲι
1644 998 1710 1035 τον

438 1047 626 1100 μέγιστον
645 1047 741 1098 ὅρκον
760 1050 815 1085 τὰ
832 1047 1018 1099 τέτταρα..
1039 1048 1084 1087 In
1106 1049 1284 1088 Mercede
1298 1049 1407 1089 cond.
1423 1045 1461 1087 οὗ
1477 1051 1539 1097 μὲι
1551 1049 1631 1088 Δία.
1646 1047 1713 1090 τῆς

442 1101 586 1140 Ἑλένης
596 1099 720 1146 ἕνεκα,
730 1096 815 1140 οὖὲὲ
830 1100 904 1140 τῶν
922 1100 1096 1152 Πριάμου
1108 1103 1330 1156 Περγάμων.
1345 1103 1417 1142 Sed
1430 1102 1537 1142 vides
1548 1133 1560 1150 ,
1579 1101 1713 1143 aufto-

442 1167 524 1194 rem
541 1167 643 1193 nunc
656 1154 779 1206 loqui,
797 1165 840 1193 ut
854 1153 945 1194 fecit
958 1157 996 1194 in
1008 1156 1162 1208 dialogo
1176 1157 1270 1195 Noti
1285 1157 1325 1196 ὅ(
1335 1156 1712 1209 Zephyri,5spoevreu-

442 1209 518 1247 τέω
531 1207 732 1261 τοιγαροῦν
749 1206 819 1247 3an
843 1207 1026 1249 sico-romaz
1043 1223 1092 1262 'ys
1111 1205 1218 1249 οὖσα.
1239 1210 1276 1250 νὴ
1299 1210 1378 1249 Δία
1396 1205 1611 1262 εὐνουστέρα
1631 1213 1712 1264 γὰρ

442 1258 541 1300 οὕτω
555 1263 714 1314 γένοιτο.
735 1261 872 1301 Sensus
887 1261 940 1301 est
951 1292 962 1309 ‚
982 1265 1109 1302 Itane?
1129 1265 1228 1302 immo
1238 1266 1289 1302 ad
1299 1263 1454 1314 Croeficm
1465 1263 1540 1303 διε.
1562 1263 1709 1304 GRON.

443 1315 552 1355 Nihil
566 1316 813 1364 mutandum3
832 1315 962 1368 paffim
979 1317 1031 1356 ita
1051 1317 1227 1357 adhibent
1239 1318 1376 1371 optimi
1388 1319 1532 1370 quique
1546 1316 1713 1371 scripto-

443 1383 505 1409 res
524 1370 675 1410 Graeci.
692 1369 793 1410 Vide
808 1370 956 1409 initium
972 1370 1034 1409 lib.
1048 1371 1107 1410 VI
1118 1371 1269 1425 Cyrop.
1287 1372 1558 1424 Xenophontis
1570 1400 1581 1418 ,
1605 1372 1712 1425 quod

445 1423 544 1463 hisce
557 1423 686 1464 scatet:
699 1437 824 1477 neque
838 1437 1010 1478 unquam
1024 1425 1130 1465 aliter
1144 1426 1381 1481 Xenophon,
1394 1424 1462 1464 nist
1476 1426 1618 1466 vitiatis
1630 1424 1713 1466 for-

443 1487 486 1518 te
499 1478 707 1518 codicibus.
725 1477 884 1519 SOLAN.

501 1535 576 1571 ead.
592 1533 615 1571 l.
630 1546 692 1581 24.
713 1534 800 1572 Θεὸν
824 1531 936 1625 ’όνταέ
958 1532 1150 1573 Cerberus
1164 1534 1335 1574 Luciano
1349 1533 1512 1573 multum
1529 1533 1664 1583 debet,
1688 1544 1714 1573 a

446 1600 528 1639 quo
541 1586 653 1626 titulo
667 1596 744 1625 tam
763 1585 905 1626 honori
937 1600 999 1632 co,
1012 1600 1128 1639 quem
1140 1589 1208 1626 vix
1221 1587 1420 1641 quisquam
1436 1587 1530 1627 alius
1545 1587 1713 1641 imperti-

447 1642 561 1689 verit‚
572 1639 860 1680 cohonestetur:
874 1653 999 1693 neque
1014 1652 1140 1680 tamen
1155 1641 1260 1681 secus
1276 1644 1312 1681 in
1327 1647 1361 1680 B.
1378 1647 1443 1694 Πρ.
1457 1655 1488 1681 c.
1502 1640 1609 1681 XVI.
1622 1641 1714 1681 Vid.

446 1694 578 1734 Barth.
593 1694 639 1733 ad
653 1695 746 1734 Stat.
757 1694 832 1734 Th.
844 1695 881 1734 II
893 1725 904 1743 ‚
918 1696 982 1742 26,
995 1694 1069 1741 IV,
1083 1695 1172 1743 486.
1186 1695 1331 1736 Canem
1345 1696 1447 1735 hunc
1467 1695 1591 1735 dirum
1606 1695 1713 1735 intel·

445 1748 538 1788 lexit
546 1748 801 1788 Callimachus
814 1748 851 1787 in
863 1748 1014 1801 Fragm.
1023 1749 1145 1789 Bentl.
1161 1762 1197 1788 n.
1208 1749 1346 1798 CLXI,
1363 1749 1485 1789 Ξεῖνος
1498 1748 1714 1802 Ἐχιέναῖον

447 1802 561 1854 νέρθεν
578 1800 685 1855 ἄγων
701 1803 871 1842 sanem.
889 1803 1075 1842 Hercules
1088 1803 1141 1843 est
1159 1803 1219 1842 ille
1234 1803 1356 1854 ξεῖνος·
1371 1816 1440 1843 nec
1454 1804 1605 1849 dubito,
1618 1803 1714 1855 quin

448 1868 499 1894 ex
514 1856 656 1896 Αἰτίοις
674 1856 870 1908 Cyrenaei
885 1857 985 1896 vatis
1001 1858 1224 1911 depromtus
1237 1857 1283 1897 fit
1297 1858 1449 1898 versus:
1465 1857 1553 1898 vide
1570 1855 1714 1909 Quint.

446 1909 600 1949 Calabr.
617 1910 696 1959 v1,
713 1910 800 1949 260.
826 1911 989 1949 HEMST.

492 1966 585 2016 Pag.
597 1964 685 2003 208.
697 1966 720 2003 l.
734 1964 966 2016 4.Ἀτρέπτῳ
974 1963 1028 2014 τῷ
1036 1965 1238 2018 προσώπῳ)
1249 1964 1307 2014 T&
1315 1965 1353 2003 in
1366 1963 1553 2018 plerisque
1562 1964 1712 2003 deerat:

446 2020 636 2069 reperitur
657 2019 695 2057 in
711 2018 792 2057 MS.
809 2017 890 2057 Ox.
907 2018 1007 2058 Coll.
1020 2020 1100 2058 edd.
1114 2020 1143 2058 F
1146 2020 1169 2057 l.
1190 2021 1231 2059 δι
1249 2019 1287 2057 Ρ.
1312 2019 1373 2058 Sic
1393 2018 1576 2069 Polyaen.
1599 2018 1716 2058 Strat.

448 2072 569 2120 VIII,
584 2086 620 2125 p.
641 2072 725 2124 556.
743 2072 902 2111 SOLAN.
921 2073 1066 2112 Vultus
1083 2072 1253 2113 Socratis
1268 2072 1412 2126 semper
1431 2072 1529 2111 idem
1549 2072 1716 2112 admita-

447 2127 546 2165 tioni
565 2126 636 2166 fuit
653 2127 866 2174 veteribus,
891 2127 1003 2166 etiam
1019 2127 1236 2180 Xanthippe
1254 2127 1446 2167 luculenta
1460 2125 1574 2173 teste3
1595 2138 1715 2178 quam

448 2180 558 2220 fuiffe
571 2180 681 2220 talem
697 2180 930 2233 praedicant,
941 2193 1039 2233 quae
1050 2181 1315 2234 cuiuscunque
1329 2181 1455 2220 mariti
1467 2180 1621 2219 alterius
1633 2179 1717 2219 vul-

447 2245 533 2274 tum
546 2233 655 2273 facile
666 2247 828 2274 movere
843 2234 1038 2287 potuifl'et:
1053 2235 1141 2275 vide
1153 2234 1278 2275 Cicer.
1289 2235 1338 2274 T.
1352 2234 1478 2281 D.111‚
1491 2234 1507 2283 §
1520 2246 1584 2287 31,
1596 2246 1716 2286 quae-

448 2301 529 2341 que
544 2298 681 2328 notant
694 2287 875 2328 Gataker.
893 2289 940 2327 ad
954 2289 1140 2327 Antonin.
1153 2289 1168 2328 1
1182 2289 1222 2338 ‚§
1239 2289 1278 2337 3,
1290 2289 1421 2328 Kuhn.
1437 2288 1483 2327 ad
1495 2287 1646 2327 Aelian.
1662 2287 1716 2328 V.

449 2342 504 2381 H.
519 2342 594 2390 IX,
608 2356 646 2392 7.
665 2341 850 2394 Ἀτρὲο-τῳ
876 2341 1153 2396 suppeditatum
1175 2356 1195 2382 a
1211 2343 1247 2382 P.
1262 2342 1290 2381 fi
1310 2343 1438 2395 exigas
1460 2343 1505 2381 ad
1522 2342 1718 2394 ἀτρέπτῳ,

450 2394 637 2435 eiusmodi
657 2395 731 2443 est,
758 2409 800 2435 ut
816 2395 1029 2442 difficulter.
1054 2409 1183 2436 utrum
1207 2409 1229 2436 a
1244 2397 1416 2436 Luciano
1437 2394 1551 2436 fuerit
1579 2392 1718 2447 profe-

450 2449 572 2497 ctum,
582 2449 745 2489 statuere
755 2450 888 2488 liceat:
904 2450 995 2489 illud
1006 2448 1044 2489 οῦ
1055 2452 1156 2489 πάνυ
1167 2450 1330 2489 ἒεὲιέναι
1344 2450 1371 2488 si
1384 2449 1541 2502 spectes,
1550 2448 1716 2500 palmam

451 2501 554 2545 forte
570 2503 712 2545 dederis
724 2504 816 2544 huic
827 2503 981 2544 lectioni
994 2518 1006 2552 ;
1021 2504 1237 2558 praesertim
1252 2505 1453 2545 accedente
1464 2502 1636 2551 Platone,
1649 2501 1718 2555 qui
