1748 3420
431 239 519 288 542
622 218 1494 277 ANNOTATJONES

425 313 539 349 datur
553 308 721 354 audiens,
736 308 777 345 Τι’
788 301 844 346 οὖν
857 303 903 346 ἄν
916 300 977 347 τίς
988 308 1109 360 λέγει,
1124 320 1194 347 nec
1204 307 1400 348 soloecum
1414 307 1691 361 deprehendat?
1742 331 1743 334 ¹

424 364 520 402 Non
535 374 632 415 puto
652 363 702 400 ita
721 359 900 414 scripsiffe
913 360 1148 400 tersiffimum
1164 360 1380 414 scriptorem
1392 392 1403 409 ‚
1423 362 1490 414 qui
1504 362 1604 401 haud
1618 363 1701 402 du·'

421 417 488 455 bie
505 417 603 454 dedit
622 416 740 468 λέγοι.
764 414 803 452 ld
821 415 954 467 genius
970 415 1083 454 huius
1095 414 1245 466 linguae
1267 414 1440 466 postulat.
1465 414 1601 455 Sensus
1620 429 1690 456 au-

425 480 518 516 tem,
538 470 635 520 Quid
642 470 746 520 igitur
756 469 829 520 quis
842 468 988 520 amplius
1003 470 1040 506 de
1059 469 1238 507 iuvenibus
1249 469 1354 516 dicat,
1373 469 1429 506 ubi
1444 469 1482 506 id
1492 469 1614 507 aetatis
1626 470 1690 508 ho-

426 526 533 561 mines
546 523 634 561 vitae
643 534 793 560 amantes
800 521 883 572 sum
894 524 914 559 ,Ρ
931 520 1088 560 Αάὶεὲὶῑι
1102 521 1288 574 particula
1298 521 1355 569 ἂν,
1366 522 1569 574 praecipue
1583 522 1621 560 in
1636 523 1691 561 in·

425 576 769 628 terrogationibus,
782 574 843 613 sed
858 574 898 612 ὃ(
919 574 957 612 in
978 575 1056 614 aliis
1070 575 1254 626 loquendi
1274 574 1422 620 formis,
1437 575 1501 613 vel
1512 574 1691 616 Praesens

426 628 610 682 Optativi
621 659 631 676 ,
644 629 707 667 vel
720 627 1002 680 ImperfeRum,
1013 628 1263 667 Aoristumve
1274 628 1487 674 Indicativi‚
1498 628 1562 667 vel
1574 629 1688 668 etiam

423 682 600 734 Optativi
624 682 755 733 exigit.
779 681 950 733 Quoties
969 682 1007 718 τί
1020 684 1098 734 γὰρ
1113 682 1157 720 ἄν
1171 682 1328 732 πάθοιμι
1342 682 1379 720 in
1394 682 1467 720 hoc
1484 680 1691 734 scriptore?

426 736 501 775 Sed
513 735 683 776 &statim
694 734 792 774 Dial.
808 735 868 787 seq
874 735 993 774 uentis
1003 735 1126 781 initio,
1135 738 1191 773 Τὰ
1202 735 1240 774 5⁰
1252 736 1369 779 ἄλλα,
1383 730 1446 773 οὐκ
1457 733 1561 774 ἔτ’ἶιν
1573 735 1691 775 εἰπεῖν

425 788 553 840 ἔχοις,
577 791 725 828 Ceterum
739 803 805 827 non
822 789 888 826 iam
904 789 1051 840 amplius
1063 789 1163 828 dicere
1174 788 1287 840 poffis.
1309 787 1350 828 &
1362 786 1429 827 sub
1452 786 1568 828 finem
1584 787 1691 829 Dial.
1715 805 1718 810 ·

425 842 560 888 XXX,
582 838 621 881 οὗ
635 845 713 895 ’γὰρ
728 840 775 882 <sti
793 841 900 880 ἐκεῖνο
919 841 1033 881 εἰπεῖν
1048 842 1130 894 ἔχοι
1145 856 1204 881 τις
1218 841 1274 881 aiv·
1303 843 1342 881 &
1359 841 1460 881 hunc
1476 842 1513 880 in
1531 842 1690 881 modum

425 896 559 936 millies
578 896 681 934 alibi.
708 894 976 947 ImperfeStum
996 895 1048 934 ita
1066 896 1182 935 habes
1197 896 1233 934 in
1247 894 1465 946 Contempl.
1479 907 1563 948 cap.
1579 910 1626 943 4,
1642 896 1689 935 Ἢ

427 952 523 989 τίνος
543 952 623 1002 γᾶς
645 946 750 987 ἕνεκα.
769 948 867 995 σοφοὶ
879 946 1027 1001 ,ἄνὲρες
1042 948 1242 998 ἐψεύδοντο
1258 950 1325 996 ἀν;
1347 947 1542 988 Aoristum
1563 949 1601 987 in
1615 948 1693 989 Ne·

425 1005 654 1054 cyomantia
668 1015 750 1054 cap.
769 1015 830 1052 17,
847 999 887 1041 εὖ
905 998 1014 1048 aisa,
1035 1002 1091 1042 ὅτι
1112 998 1176 1041 οὐκ
1190 1002 1235 1041 ἂν
1248 1002 1401 1042 ἐπαύσω
1415 1001 1548 1054 γελῶν.
1570 1002 1692 1054 paulo

427 1056 535 1109 post,
547 1055 681 1104 πολλῷ
700 1056 792 1094 ww
806 1052 911 1106 οἶμαι
922 1056 1069 1105 μᾶλλον
1088 1056 1242 1107 ἐγέλας.
1255 1056 1368 1102 Vide,
1380 1067 1479 1108 quae
1495 1054 1606 1108 supra
1622 1069 1693 1096 no-

428 1111 611 1149 tavimus.
628 1109 859 1162 1εΝ5.Λέγοι
875 1109 923 1149 cl.
942 1108 1084 1148 Ienfius
1102 1110 1142 1148 &
1156 1110 1202 1148 B.
1214 1124 1249 1150 2.
1273 1109 1317 1148 ln
1332 1109 1486 1162 reliquis
1502 1122 1620 1162 prave
1633 1110 1693 1149 λε’·

426 1177 511 1215 γει.
531 1163 690 1203 SOLAN.
714 1162 902 1209 Gataker.
917 1163 961 1202 ad
977 1163 1164 1202 Antonin.
1184 1162 1289 1212 IV,§
1310 1175 1372 1214 50,
1396 1162 1555 1202 Luciani
1572 1163 1692 1203 verba

426 1215 630 1270 proferens
647 1215 774 1270 posuit
793 1220 915 1268 λέγοι·
933 1228 1035 1257 certe
1053 1217 1162 1270 λέγοι
1178 1216 1242 1257 vel
1258 1218 1351 1270 λέγῃ
1367 1215 1605 1256 scribendum
1625 1216 1691 1257 est.

427 1271 593 1311 HEMST.

485 1325 576 1377 Pag.
591 1336 679 1378 230.
692 1324 716 1363 l.
729 1338 743 1362 1
753 1323 927 1376 .‘'0p.0m)
939 1323 1078 1363 Melius
1089 1323 1160 1363 Ms.
1169 1322 1385 1378 ἄπασιγᾶς
1396 1321 1480 1374 ἧμῖν
1496 1322 1625 1374 ὁμοίως
1639 1324 1692 1363 τὲι

429 1378 595 1428 ’όμμοιτοι
608 1378 706 1417 κενά..
720 1377 872 1430 Vulgo,
882 1377 990 1427 ὅμοια.
1000 1380 1054 1417 τὰ
1064 1377 1227 1428 ’ὄμματα
1239 1382 1340 1418 κενά.
1352 1377 1527 1418 GRAEv.
1539 1375 1693 1428 Ὁμοίως

429 1432 590 1472 omnino
604 1431 842 1472 scribendum
855 1444 943 1471 curn
955 1431 1012 1482 ed».
1029 1432 1060 1471 I.
1074 1431 1116 1471 δι
1128 1431 1212 1472 Mff.
1227 1431 1297 1472 Gr.
1309 1431 1349 1470 P.
1362 1432 1404 1472 δι
1414 1431 1456 1470 L.
1469 1443 1541 1484 pro
1553 1431 1694 1484 vulga-

431 1495 475 1524 to
491 1485 600 1537 ὅμοια.
613 1486 737 1525 minus
748 1485 940 1525 concinno
951 1498 962 1532 3
984 1486 1090 1538 quod
1102 1486 1142 1526 δι
1153 1485 1356 1525 Vorstium
1370 1496 1481 1525 acute
1491 1483 1692 1525 conieciffe

428 1540 561 1579 video.
583 1539 740 1579 Some.
759 1533 899 1590 Ὅμοιοι
913 1540 967 1577 τὰ,
986 1540 1150 1590 ἀμματω
1167 1540 1275 1592 κενὰ)
1297 1539 1411 1579 Credi
1430 1549 1578 1592 poterat
1591 1539 1694 1578 exci-
1747 1584 1748 1591 ἵ

429 1591 518 1632 diffe
539 1593 604 1632 καὶ
628 1603 786 1646 propter
805 1592 1081 1632 similitudinem
1106 1593 1403 1647 pronuntiandi,
1421 1592 1486 1631 καὶ
1510 1593 1609 1632 κενοὶ·
1631 1591 1693 1632 sed
1747 1594 1748 1600 ’

430 1646 614 1700 praeferri
630 1660 710 1687 non
732 1659 843 1699 aegre
858 1636 942 1686 fero
959 1647 1086 1695 ὁμοίως
1099 1660 1121 1686 a
1134 1646 1256 1687 Codd.
1274 1648 1457 1686 adiutum.
1471 1645 1603 1699 Apoll.
1615 1645 1693 1686 Rh.

431 1701 491 1747 Π,
510 1714 599 1754 254,
616 1700 746 1741 Phinei
762 1711 883 1740 vocat
901 1702 1027 1740 κενεὰς
1040 1700 1203 1753 γλήνας,
1219 1701 1254 1740 id
1270 1701 1322 1741 est
1333 1731 1345 1750 ,
1366 1701 1572 1754 interprete
1580 1699 1695 1740 Scho-

432 1753 550 1800 liasta,
565 1755 650 1793 τοὺς
662 1754 785 1794 κενοὺς
800 1755 863 1794 καὶ
878 1753 1039 1802 τυφλοὺς
1051 1754 1275 1804 ὀφθαλμοὺς,
1285 1766 1329 1794 ut
1341 1753 1481 1806 Oedipi
1496 1768 1624 1793 vacuos
1639 1769 1694 1794 or·

432 1810 488 1847 bes
503 1808 597 1848 Stat.
612 1809 735 1848 Theb.
751 1807 789 1855 I,
809 1823 851 1861 53
865 1839 876 1856 ,
891 1808 929 1847 &
944 1823 1055 1846 vacua
1066 1825 1126 1848 ora
1137 1810 1266 1847 leonum
1277 1807 1372 1855 VII,
1392 1808 1480 1855 276.
1497 1809 1666 1848 HEMST.

484 1865 558 1901 ead.
576 1863 598 1900 l.
621 1877 654 1902 2.
668 1861 775 1901 Μόνον
789 1861 816 1901 <s
821 1862 835 1900 ὲ
849 1861 997 1916 αἱ)ΝΜί’.
1011 1863 1110 1901 κεναὶ
1121 1863 1232 1913 μόναι
1246 1862 1388 1914 χῶραι.
1415 1862 1590 1902 BOURD.

485 1918 559 1954 ead.
573 1917 596 1955 l.
610 1931 642 1969 3.
666 1916 725 1955 Τίς
741 1915 756 1954 ὁ
773 1914 898 1955 Φινεὺς
909 1917 962 1961 riv,
973 1916 991 1955 ἢ
1003 1915 1089 1954 τίςὸ
1105 1915 1293 1970 Λυγκεὺς)
1322 1915 1484 1955 Phineus
1498 1914 1570 1955 fuit
1584 1926 1695 1956 vates

430 1969 552 2010 oculis
566 1980 716 2023 captus:
735 1969 811 2008 vid.
830 1968 1014 2021 Apollod.
1027 1969 1205 2011 Biblioth.
1221 1970 1283 2010 lib.
1302 1984 1334 2010 1.
1353 1969 1534 2022 Lynceus
1545 1968 1696 2023 ὂξυῶερ-

431 2024 633 2063 nio-Tmen
648 2023 780 2077 Eurip.
792 2023 896 2062 Med.
919 2022 1089 2063 GRAEv.

486 2081 559 2116 ead.
570 2078 592 2116 l.
603 2091 639 2128 7.
653 2077 793 2131 ‘Ovrbge
805 2077 890 2127 &vite
906 2075 1000 2129 &c.)
1012 2077 1105 2116 Uno
1122 2076 1239 2117 duan
1250 2077 1289 2116 in
1300 2076 1358 2116 Fl.
1370 2076 1428 2116 ed.
1440 2076 1481 2116 &
1493 2075 1566 2117 Ms.
1576 2076 1656 2117 Ox.
1673 2076 1694 2118 ὃ

430 2130 553 2183 ὁγυν.
571 2130 726 2177 ἀμείνων
745 2132 794 2177 ιἰν,
811 2131 916 2183 quod
937 2143 1017 2170 non
1032 2131 1169 2183 probo.
1192 2131 1402 2183 Scrupulus
1421 2141 1549 2170 tamen
1569 2129 1696 2179 restat,

431 2185 540 2242 guod
551 2185 645 2224 haec
665 2185 744 2224 duo
756 2197 835 2223 non
848 2184 984 2224 eodem
996 2185 1114 2224 modo
1129 2184 1239 2224 effert
1253 2199 1265 2233 3
1279 2198 1366 2224 nam
1383 2183 1467 2237 post
1479 2183 1593 2224 ὁπότε
1605 2183 1695 2235 &vhe

429 2242 536 2280 imm
554 2239 639 2291 quis
655 2251 734 2277 non
754 2249 860 2291 putet
874 2237 1061 2277 difilurum
1075 2240 1093 2277 ii
1112 2237 1202 2278 ὅταν
1215 2238 1311 2291 γυνὴ
1321 2269 1332 2286 ,
1347 2251 1428 2292 quo
1443 2237 1561 2278 ferme
1574 2237 1695 2278 modo

428 2292 553 2333 fixae.
574 2306 632 2345 19.
655 2293 802 2331 Verum
818 2293 1028 2331 Lucianeus
1048 2290 1153 2331 stilus
1173 2292 1237 2332 est.
1258 2292 1358 2331 Vide
1386 2296 1502 2343 Προμ.
1520 2305 1555 2333 c.
1573 2304 1618 2341 4:
1643 2291 1696 2331 εἰς·

433 2344 611 2399 ἀκρόασιν
621 2344 850 2393 σοφιστικὴν,
862 2342 933 2384 οἷὸς
946 2342 978 2385 εἶ
991 2360 1037 2384 συ
1048 2346 1357 2400 πανουργότατος
1369 2346 1402 2385 ἐν
1413 2345 1489 2385 τοῖς
1501 2347 1639 2399 λόγοις·
1652 2345 1696 2385 &

431 2401 505 2439 alia
518 2399 636 2438 multa
649 2431 658 2446 ,
678 2412 777 2452 quae
788 2399 952 2439 taedium
967 2398 1145 2438 afferrent
1155 2430 1166 2446 ,
1182 2412 1360 2453 quaeque
1373 2399 1556 2439 leaorem
1570 2399 1698 2438 moni-

433 2465 515 2492 tum
530 2452 641 2492 semel
662 2466 742 2492 non
756 2453 938 2493 latebunt.
961 2452 1117 2492 δοῖ-ΑΝ.

488 2506 616 2547 ibid.'‘}1
632 2506 646 2545 ὃ
667 2507 877 2560 γυναικεῖος
887 2506 925 2560 3)
945 2507 1079 2546 Malim
1093 2536 1105 2557 ,
1121 2506 1266 2548 ἰίἑπότε
1279 2506 1386 2561 γυνή·
1399 2509 1444 2548 ‘r‘o
1459 2503 1698 2561 ὃγυνοιικεῖος
