1748 3420
418 200 511 258 4OE
614 194 1495 243 ANNOTATIONES

413 298 496 324 tum
518 296 584 336 per
599 283 660 330 se,
682 283 744 323 sed
763 284 845 324 eius
867 295 990 324 aetate
1003 283 1276 325 usitatissimus.
1301 286 1405 324 Nihil
1423 286 1524 326 enim
1539 284 1694 326 Romae
1745 328 1748 333 .

416 339 461 375 iis
484 339 724 391 temporibus
744 338 979 391 frequentius
998 337 1106 378 fuisse
1127 339 1293 391 probant
1313 337 1544 387 Poetarum,
1563 339 1695 379 Histo-
1745 371 1748 387 2

414 391 608 437 ricorum,
627 391 829 444 omnisque
849 393 997 445 generis
1027 390 1260 444 scriptorum
1285 392 1385 432 illius
1404 394 1541 432 aetatis
1561 405 1697 445 perpe·
1739 396 1744 403 '

414 456 505 483 tuae
517 457 562 484 ea
575 445 621 484 de
637 458 678 484 re
691 445 1133 498 q·1erelae.La&antium
1152 458 1274 485 unum
1287 476 1298 493 ,
1318 458 1366 485 ne
1383 457 1421 485 te
1436 459 1579 493 morer,
1595 446 1698 495 audi,

414 499 482 550 qui
507 499 597 537 dum
615 498 864 539 Ethnicorum
885 498 941 538 sui
959 501 1145 552 temporis
1161 510 1362 538 enumerat
1379 500 1472 538 vitia
1485 530 1498 546 ‚
1516 500 1610 539 haec
1631 499 1698 539 ha·

414 553 480 590 bet
497 563 505 590 ξ
528 555 581 591 Et
601 566 639 590 ut
653 568 738 605 quae
757 554 846 591 levia
861 552 950 604 sunt
973 565 1072 606 atque
1093 554 1218 604 usitata
1238 553 1406 600 dicamus,
1430 553 1488 606 qui
1503 554 1698 592 hereditates

416 617 574 657 captent,
599 608 790 659 testamenta
806 607 1026 658 fitpponant,
1051 607 1152 658 iustos
1173 608 1302 645 heredes
1313 608 1368 645 vel
1385 606 1546 658 auferant
1561 607 1617 645 vel
1635 622 1699 647 ex·

413 661 556 698 cludant
566 675 582 707 ;
601 662 659 712 qui
672 674 812 712 corpora
822 661 895 711 fica
909 661 1105 698 libidinibus
1122 662 1344 713 prostitutum
1361 660 1420 713 qui
1431 662 1569 714 denique
1585 661 1700 701 imme-

417 728 544 759 mores,
576 715 660 766 quid
684 715 758 752 nati
771 716 868 765 sint,
891 729 966 753 cum
983 712 1125 765 seminis
1141 714 1310 767 patientia
1335 714 1553 754 certent.&c.
1577 715 1634 760 V,
1658 727 1697 767 9.

414 766 575 806 SOLAN.
633 806 642 812 ,
934 786 941 792 -
1746 808 1748 817 ¹

469 823 546 859 ead.
562 821 585 859 l.
600 834 636 872 9.
665 816 874 873 Εὐκράτην)
900 820 1028 860 Huius
1048 820 1220 860 meminit
1234 820 1334 860 idem
1355 821 1551 861 Lucianus
1573 821 1614 860 in
1628 820 1701 861 So-
1746 862 1748 867 ,

415 875 528 919 τηηίο,
540 873 618 914 sive
634 874 753 914 Gallo
768 873 837 913 sub
853 873 983 913 finem.
1005 874 1069 914 Est
1086 874 1186 928 apud
1199 874 1500 928 Aristophanem
1521 876 1558 914 in
1574 875 1702 927 Equit.

416 928 624 973 Eucrates‚
646 929 815 981 quicum
831 927 992 967 molitor
1010 927 1120 976 esset,
1141 928 1182 968 &
1205 929 1337 976 dives,
1361 939 1489 976 tamen
1502 941 1623 981 remp.
1637 929 1703 968 ad·

416 983 662 1022 ministrabat.
678 982 824 1022 COGN.
849 981 999 1020 Fifium
1016 981 1170 1035 prorsus
1186 981 1247 1034 (ut
1262 983 1382 1021 multa
1393 983 1432 1021 in
1443 981 1703 1035 sequentibus,

418 1037 464 1075 ad
480 1035 695 1088 Dialogum
710 1035 831 1088 usque
846 1035 902 1088 X)
919 1036 1071 1075 videtur
1084 1048 1239 1075 nomen.
1259 1036 1334 1089 Sed
1346 1035 1513 1083 Romae,
1529 1049 1574 1076 ea
1589 1035 1706 1089 potis·

414 1091 553 1129 limum
571 1100 710 1137 aetate,
726 1102 807 1128 non
822 1091 980 1128 deerant
995 1091 1075 1131 veri
1093 1090 1281 1137 homines,
1294 1103 1463 1142 quorum
1482 1090 1545 1129 hic
1560 1089 1705 1130 Eucra·

416 1156 473 1182 tes
490 1142 692 1195 personam
716 1143 814 1198 gerit
825 1171 836 1190 ‚
859 1144 1037 1195 quamvis
1051 1144 1248 1184 Lucianus
1256 1142 1417 1184 Graecis
1428 1156 1564 1184 omnes
1577 1144 1706 1184 nomi-

416 1196 530 1236 nibus
546 1195 733 1249 insigniat.
759 1198 920 1236 SOLAN.

472 1253 548 1289 ead.
569 1252 593 1289 l.
612 1264 669 1289 10.
691 1250 1026 1301 Πεντακισμὺριει)
1050 1251 1248 1291 Numerus
1273 1249 1445 1291 infinitus
1466 1263 1542 1305 pro
1563 1249 1706 1302 finito,

415 1305 493 1344 hoc
505 1305 574 1351 est,
586 1303 744 1356 septem.
758 1304 825 1343 Co
833 1315 909 1344 GN.
929 1305 1170 1346 Benedidlus.
1183 1306 1438 1358 quinquagefics
1448 1305 1550 1345 mille.
1567 1304 1708 1358 Quan-

416 1371 459 1399 to
474 1359 616 1398 reffius
632 1358 820 1410 Micyllus
832 1389 845 1405 ,
860 1360 1113 1424 juinquaginta
1130 1359 1239 1398 millia
1253 1361 1273 1398 ?
1300 1358 1448 1400 GRON.

469 1417 543 1451 ead.
558 1414 580 1451 l.
600 1412 972 1475 135’E7r1paesrpnffoe5)
991 1414 1129 1452 Iulian.
1146 1411 1296 1453 Caesar.
1316 1425 1401 1467 pag.
1421 1412 1495 1466 326
1513 1411 1559 1453 C.
1575 1412 1708 1463 ἐπιμε-

417 1465 594 1518 τροὺντων
618 1465 720 1517 υμῶν
740 1465 841 1518 (τῶν
862 1466 981 1519 ὂεῶν)
1003 1466 1068 1507 τῆς
1086 1468 1287 1513 βασιλείοις
1304 1481 1367 1516 μοι
1392 1470 1454 1507 τὶν
1475 1466 1618 1520 χρόνον.
1643 1466 1708 1507 De

414 1520 579 1561 Hiskiae
596 1521 678 1560 vita
696 1521 918 1572 quindecim
945 1521 1052 1560 annis
1072 1521 1269 1561 cumulata
1289 1521 1390 1560 idem
1414 1521 1580 1562 verbum
1605 1521 1708 1575 apud

417 1575 548 1616 Patres
573 1573 856 1615 Ecclefiasticos
880 1574 1053 1627 usurpari
1069 1574 1176 1629 solet:
1200 1575 1370 1614 Hnmsr.

472 1631 564 1683 Pag.
578 1642 645 1677 141
655 1657 664 1666 .
676 1628 702 1667 l.
722 1642 778 1667 10.
791 1631 932 1667 Πολλὰ,
948 1628 1118 1678 κᾴκεῖνος
1130 1631 1169 1668 εὐ
1180 1631 1296 1679 μάλα
1309 1626 1555 1674 stadiorum?
1564 1625 1708 1669 αὖτοὺς

418 1684 486 1724 καὶ
503 1682 718 1735 ἑπελπίζει)
742 1683 937 1722 Vertunt:
957 1684 1013 1721 ille
1031 1684 1131 1722 etiam
1143 1682 1246 1736 saepe
1260 1685 1440 1722 admodum
1443 1683 1529 1734 stite
1548 1682 1642 1736 ipsbs
1654 1684 1710 1722 la-

417 1742 487 1786 “3:st
503 1737 537 1775 e}
549 1738 611 1788 spe
636 1736 734 1774 inani
745 1736 872 1789 pascit.
895 1736 967 1776 Sed
986 1737 1200 1788 ἐπελπίζειν
1216 1737 1284 1790 qui
1305 1736 1483 1790 usurpet,
1497 1747 1564 1776 aut
1583 1737 1649 1789 qui
1669 1737 1710 1776 in

417 1793 491 1832 hac
509 1792 677 1830 notione
692 1788 851 1843 usurpet
864 1821 875 1838 ,
892 1791 989 1830 novi
1002 1791 1208 1830 neminem.
1230 1789 1396 1830 Persuasi
1408 1792 1536 1843 itaque
1553 1791 1644 1830 mihi
1658 1790 1711 1830 le-

418 1845 587 1898 gendum
613 1843 697 1884 effe'
713 1844 938 1895 ἀπελπίζει,
955 1846 1005 1883 ad
1021 1845 1281 1896 desperationem
1301 1860 1357 1884 eos
1375 1845 1515 1898 redigit:
1538 1844 1710 1884 ἀπελπί-

421 1902 496 1951 ζειν
510 1900 612 1938 enim
634 1897 688 1937 est
704 1897 902 1950 desperare
914 1929 927 1945 ,
951 1900 994 1939 δι
1007 1912 1096 1938 cum
1112 1898 1200 1939 casu
1215 1908 1359 1952 quarto
1370 1929 1382 1947 ‚
1406 1900 1453 1938 ad
1478 1897 1712 1950 desperatio-

423 1966 513 1994 nem
537 1952 723 2005 redigere.
749 1951 813 1991 De
829 1951 964 2002 Iolao,
985 1954 1052 2006 qui
1071 1953 1262 2001 reviruit,
1286 1953 1374 1993 vide
1386 1953 1596 2005 Hyginum
1618 1951 1712 1993 Fab.

426 2021 515 2061 ¹03·
541 2006 720 2047 GR-Atzv.

474 2062 550 2101 ead.
573 2062 595 2099 l.
621 2074 680 2099 11.
697 2059 969 2113 Διαβουκολεῖ)
993 2060 1137 2108 Luam,
1156 2059 1302 2111 πλανᾷ.
1325 2060 1502 2100 BOURD.

475 2116 558 2154 ibid.
583 2113 818 2166 Ἐπελπίζει)
834 2114 965 2154 Liceat
985 2115 1077 2154 mihi
1098 2115 1158 2154 hic
1181 2113 1369 2163 dissentire
1388 2114 1436 2154 ab
1449 2115 1539 2155 viro
1553 2112 1712 2155 clariffi-

422 2183 507 2216 mo,
525 2180 686 2208 notante
701 2169 747 2207 ad
764 2168 868 2208 hunc
890 2169 1021 2208 locum
1035 2190 1052 2218 ,-
1063 2167 1120 2216 se,
1135 2169 1204 2222 qui
1219 2169 1436 2219 ἑπελπίζειν
1450 2167 1624 2222 usurpet,
1642 2178 1711 2208 aut

425 2223 546 2277 quiin
569 2223 642 2262 hac
665 2223 826 2262 notione
841 2221 1022 2276 usurpet,
1041 2222 1191 2262 novisse
1205 2222 1420 2271 neminem;
1439 2223 1572 2275 itaque
1591 2221 1629 2262 se
1642 2220 1712 2261 fibi

424 2275 648 2332 persuasisse
659 2276 861 2329 legendum
873 2277 1096 2328 ἀπελπίζει.
1110 2276 1252 2316 Noster
1265 2277 1397 2329 utique
1411 2275 1629 2327 ἐπελπίζων
1643 2274 1713 2314 ha-

420 2332 544 2371 hetin
557 2331 729 2370 Timone
740 2360 750 2377 ,
771 2329 855 2379 Ἐμὲ
869 2329 913 2370 st
931 2329 960 2369 οἱ
977 2330 1278 2379 ἐπελπίσαντες,
1299 2330 1334 2369 ἐν
1350 2328 1400 2380 τῇ
1418 2328 1543 2384 ἀγορᾷ
1559 2329 1714 2382 περιμέ-

418 2399 524 2426 νουσι
547 2383 764 2437 κεχηνότες.
784 2385 941 2434 Fateor,
954 2397 1036 2438 non
1055 2385 1095 2423 in
1107 2384 1263 2433 eadem,
1278 2397 1355 2437 qua
1375 2384 1459 2433 hic,
1478 2385 1532 2423 ibi
1550 2383 1711 2436 ponitur

416 2439 592 2479 notione
615 2442 659 2476 τὸ
681 2438 912 2489 ἐπελπίζων.
943 2438 988 2477 In
1010 2439 1142 2478 eadem
1166 2449 1295 2477 tamen
1309 2467 1320 2485 ‚
1343 2449 1422 2490 qua
1435 2437 1498 2477 hic
1512 2467 1526 2484 ,
1547 2437 1710 2477 notione

427 2494 464 2532 id
477 2492 586 2535 verbi
604 2490 774 2545 agnoscit
789 2491 924 2533 Suidas
937 2523 950 2543 ,
972 2493 1014 2534 δι
1025 2505 1074 2533 ex
1086 2492 1245 2533 auctore
1253 2522 1267 2543 ,
1278 2503 1395 2546 quem
1409 2503 1490 2532 non
1507 2490 1725 2538 nominat,‘
