1748 3420
434 230 527 279 390
632 210 1501 259 ANNOTATIONES

436 303 582 359 aliquot
594 311 683 340 ante
696 298 867 339 Verslbus
881 299 1171 339 nominaverat:
1194 299 1357 339 eundem
1373 298 1481 340 usum
1495 298 1609 339 habet
1622 294 1697 347 oi'Juj
1739 323 1743 326 ·

434 368 545 407 qm.
569 352 984 401 D121.M0n.xxw,
1009 352 1084 406 ἐγὼ
1107 352 1152 391 si
1174 352 1238 403 ζῶν
1258 353 1315 391 ἀεὶ
1318 382 1440 392 ......
1462 351 1697 393 ἐνεπλήσθην
1734 342 1748 386 fi

434 406 527 461 γοῦν
543 405 678 448 αὐτῶν.
705 407 862 459 Saepius
880 417 1007 446 autem
1030 406 1095 444 tali
1115 406 1233 446 modo
1254 406 1503 446 dicendorum
1526 405 1699 446 intercisa.
1737 411 1748 450 l

435 460 548 500 series
561 460 819 499 ἁνακολουθίιιν
837 459 1024 498 orationis
1037 459 1149 498 efficit
1160 489 1172 505 ,
1194 458 1254 499 sed
1274 459 1472 505 decoram,
1489 460 1530 499 δι
1544 459 1697 512 qualem
1739 451 1748 493 l

435 527 461 552 a
484 512 558 553 suis
581 513 726 566 scriptis
744 511 1009 566 castigatissimi
1033 511 1354 553 auetoresabeffe
1379 513 1520 552 nolint:
1548 513 1697 566 peperit
1741 518 1748 546 ⁴

436 567 553 607 huius
567 568 619 607 rei
637 567 849 618 ignorantia
866 579 946 606 non
968 579 1056 605 raro
1068 578 1207 619 pravas
1226 565 1496 606 correfflones.
1515 565 1696 619 Sequitur
1742 571 1748 594 l

437 620 504 660 ἐπὶ
525 620 590 661 τῆς
612 619 776 659 ἁσπίὲος
797 617 1104 665 ὑποστιλβούσης·
1134 620 1240 671 quod
1265 620 1428 659 verbum
1456 631 1500 659 ut
1528 618 1700 659 nonnus·
1742 615 1748 652 1

438 687 555 726 quam
572 674 796 726 reperiatur,
811 672 1019 725 significare
1034 683 1160 711 tamen
1175 686 1251 711 non
1270 672 1414 724 potest,
1429 672 1495 712 nisi
1509 672 1593 721 vel,
1608 687 1698 725 pau-
1745 679 1748 702 l

438 728 561 767 lulum
583 727 699 767 modo
713 726 906 779 splendere
917 758 929 773 ‚
942 726 1006 765 vel
1016 756 1025 772 ‚
1041 727 1139 765 inter
1151 725 1339 765 obstantia
1354 726 1463 777 plura
1483 727 1592 766 radiis
1605 728 1702 766 emi-

440 794 529 820 care
544 794 553 820 :
580 792 758 820 neutrum
775 781 860 819 huic
875 779 965 819 loco
977 781 1177 832 congruit:
1194 780 1303 819 litera
1317 780 1441 820 minus
1454 779 1507 819 est
1520 810 1530 823 .
1546 792 1595 819 ne
1609 781 1704 820 inte-

441 849 554 888 grum
575 835 770 881 videatur3
789 833 989 886 legendum
1006 835 1106 872 enim
1128 832 1441 881 ἀποστιλβούσης,
1455 832 1599 874 Nostro
1617 832 1703 874 satis

442 889 645 941 frequens:
667 889 704 926 in
717 889 859 926 'Eme-n.
872 899 905 925 c.
925 901 938 925 1
951 901 965 926 1
975 918 984 932 ‚
1000 886 1111 926 ἐκεῖνο
1123 887 1206 938 γάρ
1223 887 1325 925 ἐστιν
1339 886 1353 924 ὃ
1368 890 1529 939 xpm-bf,
1541 889 1585 926 τὸ
1601 899 1707 938 λαμ-

443 945 547 994 πρὸν,
567 942 584 979 ’ὂ
601 941 838 985 ἀποστίλβει.
859 939 948 992 Zeu}
983 953 1014 978 c.
1034 954 1100 987 10,
1120 940 1206 978 τοὺς
1225 939 1383 978 ὀδόντας
1396 941 1702 985 ἀποστίλβοντας

443 994 715 1046 ἐπισημότερον.
725 995 806 1034 Nec
819 996 974 1039 mirum,
985 994 1187 1046 imaginem
1200 993 1379 1033 Medusae
1387 993 1575 1033 reddidisse
1586 993 1707 1046 splen-

444 1051 538 1088 dore
552 1049 758 1101 fulgentem
775 1050 956 1100 clypeum
966 1078 979 1093 ‚
993 1049 1058 1100 qui
1072 1046 1187 1086 fuerit
1203 1046 1327 1086 ἀσπὶς
1341 1046 1490 1100 χαλκῆ,
1505 1056 1548 1087 ut
1567 1046 1706 1087 testan-

445 1115 511 1142 tur
523 1102 756 1154 Apollodor.
774 1102 828 1146 ll,
842 1116 877 1152 p.
892 1116 957 1154 93,
974 1102 1119 1153 quique
1132 1113 1218 1140 eum
1233 1099 1422 1152 descripsit
1437 1101 1582 1140 Zenob.
1602 1100 1648 1141 C.
1665 1101 1707 1148 1,

447 1171 493 1205 4¹
504 1187 512 1194 .
523 1156 640 1195 Ovid.
657 1157 814 1194 Metam.
828 1155 899 1201 lv,
912 1160 984 1203 751
1002 1168 1010 1193 ;
1037 1156 1079 1193 Se
1093 1168 1200 1193 tamen
1213 1156 1390 1193 horrendae
1403 1155 1527 1207 clypei,
1539 1155 1710 1208 quodlae-

447 1225 498 1248 να
507 1211 655 1262 gerebat,
672 1212 760 1248 Aere
771 1209 949 1261 repercuffi)
957 1207 1107 1259 sormam
1117 1207 1299 1260 adspexiffi’
1306 1209 1482 1258 Medusae.
1498 1207 1708 1261 Speculum

447 1264 634 1315 quoniam
656 1263 818 1301 eundem
834 1262 941 1301 usum
958 1261 1183 1314 praestabat,
1199 1261 1305 1300 multi
1322 1262 1410 1300 nihil
1424 1261 1587 1301 alienum
1602 1261 1638 1302 se
1652 1261 1710 1302 fa-

448 1317 581 1356 &uros
593 1315 855 1356 existimarunt
868 1346 880 1361 ‚
891 1315 919 1354 s1
932 1317 1075 1368 clypeo
1087 1314 1350 1355 substituerent
1364 1331 1372 1355 ε
1396 1316 1445 1354 ita
1459 1314 1712 1366 Pherecydes,

449 1371 585 1410 auelor
599 1371 634 1408 in
644 1370 715 1409 hac
729 1369 888 1409 fabulari
901 1371 1055 1408 materia
1068 1370 1104 1407 in
1119 1369 1252 1421 primis
1265 1369 1391 1420 magni
1402 1370 1601 1416 momenti,
1611 1370 1711 1423 apud

450 1424 582 1464 Schol.
595 1424 782 1476 Apollon.
805 1423 933 1462 Rhod.
954 1423 1000 1462 ad
1019 1423 1092 1469 IV,
1109 1437 1221 1475 1515,
1236 1423 1366 1462 Tzetz.
1386 1423 1432 1461 ad
1455 1423 1653 1476 Lycophr.
1667 1437 1711 1464 v.

450 1477 551 1531 838,
575 1478 615 1517 δι
637 1478 713 1516 alii:
742 1477 945 1530 prudenter
966 1477 1159 1517 Lucianus
1178 1477 1338 1525 addidit,
1368 1475 1494 1528 ἱόσπες
1518 1476 1582 1517 ἐπὶ
1613 1491 1713 1517 κειτ-

451 1532 600 1584 ὃπτρου.
622 1531 784 1571 HEMST.

508 1587 597 1639 Peg.
617 1599 630 1623 1
641 1599 700 1624 22.
717 1586 740 1624 l.
755 1600 789 1624 2.
802 1584 922 1637 Ἰὃεῖιὴ
937 1584 1001 1623 Ed.
1018 1586 1048 1623 Ι.
1065 1596 1136 1636 pro
1153 1582 1245 1622 isefv
1265 1583 1378 1622 habet
1394 1583 1458 1623 εἰς.
1484 1584 1596 1625 Unde
1611 1597 1711 1639 puto

452 1639 655 1692 legendum
671 1638 760 1678 ἰδεῖν
774 1638 823 1678 εἰς
836 1652 874 1678 τ.
886 1639 912 1677 ἑ.
928 1638 968 1677 &
980 1639 1142 1677 omnino
1156 1639 1192 1676 iu
1210 1637 1247 1676 P.
1261 1637 1282 1676 ι’.
1299 1640 1344 1676 ές.
1365 1637 1524 1678 SOLAN.

508 1696 582 1731 ead.
598 1693 622 1731 l.
645 1705 701 1744 ¹3·
725 1695 770 1730 Tb
795 1691 903 1731 κῆτος
931 1691 1052 1744 ἐπῄει)
1083 1691 1234 1744 Dignus
1253 1690 1306 1731 est
1320 1690 1479 1741 Noster,
1496 1691 1565 1745 qui
1583 1691 1712 1733 secum

454 1745 674 1787 conferatur
689 1747 769 1796 περὶ
783 1743 848 1784 τοῦ
860 1743 942 1784 Οἵκ.
955 1758 987 1785 c.
1003 1760 1063 1784 22.
1090 1747 1252 1784 HEMST.
1746 1738 1748 1767 l

509 1804 581 1839 ead.
595 1801 619 1838 l.
643 1799 784 1851 15.T;‚v
803 1797 941 1852 ἅρπην)
968 1799 1143 1853 Explicat
1157 1800 1193 1837 in
1206 1797 1403 1838 Pseudom.
1415 1811 1447 1839 c.
1466 1811 1480 1837 1
1493 1813 1522 1838 1.
1541 1798 1713 1853 Hesych.

450 1847 585 1905 ιἈρήτη,
597 1849 694 1893 {isac
703 1853 830 1904 ὀρνέου,
841 1854 905 1892 καὶ
920 1853 1115 1905 δρέπανον,
1124 1852 1186 1890 καὶ
1199 1854 1342 1902 ἄνεμον·
1356 1852 1444 1905 lego
1453 1882 1465 1899 ,
1477 1849 1576 1892 εἶδος
1587 1856 1713 1905 ὀρνέου,

455 1908 745 1999 καὶίὸρεπιὶνου,
769 1908 834 1945 καὶ
858 1908 1022 1960 ὀργάνου.
1048 1906 1111 1947 De
1131 1908 1249 1960 harpe
1273 1919 1420 1960 organo
1437 1905 1655 1947 Casaubon.
1668 1909 1716 1948 ad

455 1961 526 2000 Per
548 1994 550 1997 ,
571 1961 745 2001 Bonan.

511 2015 590 2054 ibid.
619 2013 871 2068 Καθικνεῖτιιι)
895 2013 1285 2066 Προκιιτοιλαμβέινει,
1300 2013 1571 2064 καθάπτεται,
1589 2028 1716 2055 καιτοι·

455 2069 588 2115 βαίνει.
609 2069 780 2108 BOURD.

511 2123 547 2160 in
560 2123 674 2162 Schol.
688 2120 874 2174 Ἐτοίμυή
897 2119 1033 2160 Defuit
1049 2121 1087 2160 in
1102 2121 1159 2160 ed.
1179 2120 1229 2160 A.
1244 2120 1337 2160 haec
1352 2132 1452 2168 vox,
1468 2121 1593 2162 addita
1610 2134 1631 2162 a
1645 2121 1717 2163 So·

457 2175 559 2216 lano.
585 2177 748 2215 HEMST.

514 2230 604 2280 Pag.
626 2230 746 2282 123.l.
761 2227 796 2267 8.
824 2227 1238 2282 Ἐμεγαιλοιὺχειτότε)
1262 2228 1426 2268 Videtur
1440 2241 1511 2282 pro
1522 2227 1611 2268 ’τότε
1624 2228 1716 2269 scri-

458 2282 625 2322 bendum
640 2285 748 2322 πότε.
773 2285 855 2334 Qua
873 2284 957 2321 enim
971 2285 1086 2334 puella
1107 2283 1231 2321 iniuria
1246 2298 1307 2321 nos
1319 2281 1450 2334 afficit,
1463 2285 1502 2334 st
1519 2295 1625 2322 mater
1635 2284 1717 2323 olim

455 2335 683 2389 fuitsuperba
693 2366 707 2382 ‚
725 2336 759 2373 δ’
766 2336 988 2388 pulchriorem
998 2336 1038 2388 fi
1056 2337 1286 2388 existimavit?
1304 2335 1480 2376 GRAEv.

514 2392 585 2429 ead.
600 2391 623 2430 l,
644 2404 702 2429 10.
722 2389 844 2441 ΔΩΡ.)
870 2390 1024 2429 Nomen
1040 2390 1211 2429 Tritonis
1226 2420 1239 2436 ,
1266 2390 1372 2442 quod
1394 2390 1454 2430 hic
1479 2402 1614 2430 omnes
1634 2389 1718 2430 edd.

459 2441 624 2491 habent,
653 2443 858 2483 necessario
885 2444 923 2482 in
942 2444 1055 2483 Doris
1069 2444 1242 2493 mutavi,
1264 2444 1376 2484 cuius
1392 2444 1486 2486 haec
1504 2442 1577 2485 effe
1595 2444 1721 2485 verba

456 2508 562 2550 patet
576 2510 625 2538 ex
646 2496 900 2552 sequentibus.
924 2496 1082 2537 SOLAN.
