1748 3420
433 215 527 270 426
635 208 1500 259 ANNOTATIONES

434 298 563 347 etiamsi
574 297 690 335 liberos
705 297 872 342 habeant,
887 298 942 336 odi
971 297 1036 350 ese
1049 312 1159 338 tamen
1171 300 1250 339 illos
1258 301 1465 351 flagrum-ut
1475 301 1509 339 ὃ·
1522 300 1586 352 ipsi
1595 306 1696 341 amad

434 362 520 388 tores
531 350 780 401 nanciscantur.
798 350 946 402 Liquet,
962 353 1093 398 credo,
1105 365 1208 402 quos
1220 354 1364 392 dixerat
1378 355 1610 406 ἀγεράστους,
1625 352 1693 394 οὐκ

433 403 626 452 ὁρωμένους
650 415 743 442 mox
768 403 969 456 appellari:
996 415 1076 444 tum
1103 403 1150 444 ὣς
1173 406 1236 445 καὶ
1258 403 1365 446 αὐτοὶ
1387 407 1550 457 ἔροιο-τὰς
1568 406 1694 460 ἔχωσι

433 454 637 496 consistere
649 457 797 508 nequit,
807 456 875 495 nisi
889 457 1022 508 legeris
1035 455 1099 497 οὐκ
1111 459 1297 509 ἐρωμένων.
1315 460 1489 498 Συνέντες
1498 473 1545 499 an
1557 459 1694 500 συνιέν-

433 523 500 548 τες
512 508 707 554 scribatur,
724 522 858 561 parum
879 510 1016 551 refert:
1039 512 1115 551 hoc
1129 522 1256 551 tamen
1272 512 1457 552 librorum
1476 513 1514 552 in
1533 513 1693 566 gratiam

432 563 611 614 praetuli.
648 564 816 602 HEMST.

489 616 525 654 in
539 616 773 657 SchoLcoLz.
785 617 807 654 l.
823 631 856 668 3.
870 615 1050 670 Χωροῦσι)
1070 617 1215 683 Supple
1233 620 1288 657 τὰ,
1312 616 1455 658 Usa-ta.
1481 618 1638 658 SOLAN.

491 670 580 720 Pag.
597 681 683 720 145.
699 671 723 709 l.
738 683 770 708 1.
798 671 969 710 Συνέντες
984 668 1084 720 ὑμῶν
1095 686 1162 711 την
1175 672 1420 725 πανουργίαν)
1445 671 1694 712 Scribendum

434 720 509 761 Ms.
521 721 713 771 suadente,
729 723 910 763 συνιέντες
923 722 1022 771 ὑμῶν
1033 724 1099 763 τὴν
1112 733 1355 778 πανουργιοιν,
1369 727 1423 777 qui
1436 726 1624 776 intelligunt
1634 741 1694 764 ve·-

430 779 519 826 Jiras
542 789 629 814 artes
651 788 719 815 aut
737 777 903 828 astutiam.
928 776 1099 817 GRAEV.
1124 779 1308 818 Συνιέντες
1323 778 1372 818 G.
1393 778 1488 818 R&
1501 778 1603 819 Con.
1619 778 1695 819 Sed

434 830 523 869 vide
535 828 651 869 finem
669 830 824 882 Dialogi
837 829 1035 882 sequentis.
1059 831 1215 870 SOLAN.

487 885 566 922 ibid.
580 885 603 921 l.
617 899 654 930 4.
676 882 1017 936 Δωροφορῆσοιντες)
1041 884 1100 925 Sic
1113 885 1202 938 legit
1216 885 1424 936 interpres;
1446 884 1499 925 fic
1519 883 1696 938 reposui-

435 950 522 976 mus
535 967 547 982 ,
566 949 655 976 curn
670 937 767 976 male
782 948 892 976 antea
905 936 1230 990 ἓορυφορὴσοιντες.
1250 939 1422 977 BouRD.
1440 944 1609 990 Δορυφ-
1625 951 1696 978 an-

434 992 579 1043 tiquam
593 990 633 1029 &
644 991 861 1041 genuinam,
875 1001 920 1029 ut
935 1001 1130 1044 putamus,
1143 992 1343 1031 leffionem
1359 991 1608 1044 reposuimus.
1621 991 1697 1031 Ex-

435 1045 507 1082 stat
515 1055 643 1082 antem
656 1044 692 1082 in
704 1044 753 1083 G.
769 1043 807 1082 P.
825 1045 864 1083 L.
877 1043 905 1082 F
908 1044 932 1082 l.
947 1044 1034 1083 Ald.
1049 1045 1080 1083 Ι.
1095 1046 1144 1084 H.
1158 1046 1201 1084 B.
1219 1045 1260 1084 δι
1273 1045 1334 1084 Fr.
1345 1046 1545 1084 Mutarunt
1554 1045 1593 1084 P.
1605 1044 1639 1084 S.
1649 1044 1692 1085 &

436 1099 487 1137 A.
506 1097 546 1135 δι
558 1096 731 1137 fecerunt
744 1095 918 1148 θωροφορή
928 1120 984 1136 -.
1000 1099 1050 1138 V.
1063 1103 1166 1150 Nryp.
1183 1111 1216 1138 c.
1233 1113 1292 1146 14.
1308 1097 1466 1138 δοῖ-ΑΝ.
1479 1098 1594 1138 Haud
1612 1099 1699 1138 ine-

434 1160 545 1202 ptum
561 1160 662 1197 erat,
684 1151 789 1202 quod
810 1152 1083 1202 interpretibus
1097 1151 1138 1190 δι
1149 1153 1404 1191 Bourdelotio
1420 1152 1541 1191 arrisit
1552 1182 1564 1200 ,
1584 1151 1697 1202 θωρα-

436 1200 672 1255 φορῆσοιντες,
686 1207 724 1242 (St
739 1204 884 1256 probae
897 1215 1013 1244 notae
1026 1205 1205 1253 verbum,
1221 1206 1367 1244 Aelian.
1382 1206 1427 1244 de
1439 1205 1570 1244 Anim.
1581 1205 1692 1251 VIII,

440 1271 457 1295 ι
469 1259 558 1305 ι,το
581 1256 777 1308 πρόσωπον
797 1255 863 1296 τοῦ
877 1257 1049 1307 ἐρωμένου
1073 1257 1263 1310 καθαίρειν,
1278 1260 1341 1298 καὶ
1366 1258 1570 1310 δωροφορεῖν
1589 1254 1696 1307 αὐτῷ

435 1309 604 1361 θηρῶντα
618 1311 841 1360 πάμπολλοι
852 1341 863 1356 ,
876 1310 917 1349 &
935 1312 1024 1352 huic
1039 1312 1093 1351 rei
1108 1313 1280 1364 apprime
1291 1313 1547 1359 conveniens,
1564 1322 1606 1351 ut
1617 1311 1694 1351 Po-

434 1362 617 1413 lystratus
636 1364 799 1404 ostendit
822 1364 925 1403 Dial.
943 1365 1024 1412 IX,
1048 1365 1218 1404 παντοῖοι
1230 1380 1293 1414 μοι
1313 1365 1416 1417 ἓῶροι
1427 1365 1635 1418 προσήγετο
1648 1363 1696 1403 ἇ-

434 1416 682 1470 πανταχόθεν
695 1416 760 1459 τῆς
772 1415 844 1470 ’γῆς
858 1417 1068 1458 κάλλιστοι.
1086 1419 1168 1458 Cur
1180 1431 1306 1458 tamen
1319 1419 1521 1460 leetionem
1535 1417 1694 1472 priscam

433 1484 705 1517 moveremus,
727 1470 841 1510 causa
863 1470 933 1511 fuit
953 1472 1078 1520 nulla3
1095 1471 1314 1525 praesertim
1338 1485 1427 1512 cum
1450 1474 1699 1512 membranae

435 1535 586 1564 veteres
607 1525 700 1564 nihil
720 1525 969 1564 innovarent:
990 1524 1295 1578 ὃορυφορῆσοιντες
1313 1539 1430 1578 ergo,
1451 1526 1518 1587 qui
1537 1526 1694 1565 divitem

431 1578 498 1630 spe
516 1578 731 1618 tabularum
746 1577 960 1619 honorifice
973 1578 1117 1632 semper
1129 1579 1280 1619 fuerant
1292 1579 1496 1632 prosecuti,
1510 1580 1552 1620 &
1564 1592 1696 1634 perpe·

434 1643 508 1671 tuo
527 1632 631 1685 quafi
654 1631 827 1672 satellitio
847 1632 1090 1684 stipaverant.
1114 1634 1266 1673 Verum
1287 1633 1504 1686 exemplum
1528 1633 1699 1683 prodidit

433 1685 578 1725 Plinius
585 1686 696 1731 VIII,
706 1687 772 1739 Ep.
787 1700 801 1725 1
810 1686 847 1732 8,
857 1686 1144 1728 DomitiiTulli.
1159 1687 1237 1740 qui,
1254 1688 1371 1738 cumse
1384 1689 1586 1739 captandum
1593 1702 1696 1740 prae-

435 1740 550 1789 huiffit
562 1770 572 1787 ,
591 1741 721 1792 reliquit
726 1742 844 1791 filiam
857 1741 1021 1786 heredem,
1037 1739 1224 1793 frustratus
1235 1742 1403 1792 improbas
1410 1740 1490 1792 spes
1506 1741 1695 1789 hominum,

436 1808 520 1844 quos
527 1796 582 1844 fic
594 1795 749 1846 decipere,
759 1809 822 1847 pro
837 1795 981 1832 moribus
993 1807 1170 1846 temporum
1184 1824 1196 1839 ‚
1214 1795 1391 1845 prudentia
1407 1797 1460 1847 est.
1483 1795 1647 1834 HEMST.

491 1849 562 1885 ead.
579 1847 603 1884 l.
620 1848 655 1887 6.
675 1847 998 1900 Ἀποο-μυγέντες)
1019 1847 1062 1886 In
1078 1848 1165 1887 cod.
1179 1847 1251 1887 Ms.
1267 1847 1295 1886 οἱ
1307 1848 1353 1886 Σὲ
1369 1843 1590 1899 ὑποπρίουσι
1608 1846 1695 1887 τοὺς

436 1899 596 1940 ὂὸὂντοις
607 1900 988 1954 καταγελασὲτέντες,
999 1901 1050 1940 illi
1060 1917 1135 1941 vero
1148 1902 1242 1953 der-{si
1243 1900 1400 1952 frendent
1409 1902 1576 1948 dentibus,
1584 1901 1695 1954 quod

437 1954 561 1993 multo
581 1955 701 2006 magis
717 1956 807 1994 mihi
827 1955 1024 2007 probatur,
1043 1968 1173 2008 quam,
1193 1955 1296 2006 quod
1319 1956 1358 1994 in
1375 1955 1482 1994 editis
1501 1954 1632 2003 exstat,
1647 1955 1695 1993 οὶ-

437 2021 600 2058 ττοσμυγ
607 2009 718 2054 έντες,
733 2010 843 2049 dolore
855 2011 1025 2047 ardentes:
1048 2007 1101 2048 est
1118 2009 1222 2049 enlm
1233 2009 1344 2048 valde
1363 2009 1518 2055 durum,
1530 2009 1572 2048 &
1585 2009 1694 2062 quod

435 2062 503 2099 vix
522 2062 607 2100 alibi
625 2063 799 2113 reperias,
820 2062 894 2101 hoc
909 2062 1084 2102 verbum.
1099 2062 1271 2102 GRAEV.
1292 2061 1486 2102 Gloffema
1497 2062 1574 2108 est,
1586 2062 1694 2115 quod

436 2114 474 2153 in
487 2114 559 2154 Ms.
568 2115 637 2155 Gr.
646 2114 684 2153 P.
693 2115 734 2155 &
746 2116 787 2157 L.
802 2115 957 2168 legitur,
968 2116 1344 2168 καταγελασῧέντες.
1358 2116 1538 2156 Genuina
1545 2117 1697 2166 ἀποσμ.

436 2181 555 2219 quam
575 2181 712 2208 omnes
723 2169 885 2221 impreffi
900 2169 1125 2222 agnoscunt.
1138 2169 1257 2209 Aliud
1271 2169 1387 2222 paulo
1399 2170 1466 2219 est,
1509 2170 1588 2210 uod
1601 2170 1699 2222 legi-

438 2222 552 2261 turin
569 2221 641 2261 Ἕτ.
655 2229 700 2261 Δ.
713 2223 806 2270 VII,
821 2222 866 2262 σὺ
878 2221 924 2262 s‘e
944 2222 1071 2263 ἐκεῖνον
1088 2222 1158 2272 μὲν
1173 2222 1463 2273 ἀπεμύκτισας,
1498 2224 1544 2263 ed
1555 2224 1694 2263 eodem

437 2274 518 2314 fere
538 2276 645 2315 redit.
669 2275 785 2316 Certe
805 2275 1016 2326 ἀπομύττω
1038 2291 1205 2330 emungere
1219 2277 1291 2323 est,
1311 2277 1415 2330 (vide
1429 2276 1503 2316 ἱστ.
1518 2291 1552 2316 a.
1573 2290 1606 2318 c.
1623 2277 1698 2330 24)

433 2329 541 2381 quod
560 2330 598 2367 in
618 2341 781 2383 utraque
801 2330 931 2382 lingua
945 2331 1136 2383 eleganter
1149 2331 1353 2371 admodum
1373 2331 1419 2370 ad
1433 2343 1501 2371 eos
1513 2330 1695 2370 transfer-

435 2394 512 2428 tur,
526 2383 704 2435 qui‚cum
717 2384 912 2436 pecuniam
925 2385 1042 2424 variis
1057 2385 1199 2424 artibus
1213 2385 1260 2424 ab
1273 2385 1403 2436 aliquo
1416 2383 1694 2436 exprefferunt,

434 2437 472 2474 in
487 2436 567 2475 sinu
579 2437 720 2483 rident,
734 2437 776 2477 &
789 2437 857 2476 fibi
876 2438 1070 2490 plaudunt.
1084 2437 1158 2478 Sed
1170 2448 1255 2478 tum
1268 2439 1468 2491 legendum
1484 2437 1584 2477 foret
1598 2438 1693 2477 διπο-

432 2490 635 2544 μυγέντες,
654 2490 721 2532 nist
737 2490 839 2532 forte
854 2491 914 2532 hic
927 2491 1063 2546 sigma,
1078 2502 1120 2532 ut
1133 2493 1172 2532 in
1187 2491 1411 2545 quibusdam
1423 2490 1490 2539 fit,
1510 2490 1693 2533 insertum
