1748 3420
454 268 545 314 250
801 246 1362 293 VARIAE

450 342 618 391 ἑώρακαις
640 338 812 391 &c.)1n
826 340 1019 392 prioribus
1034 339 1116 379 edd.
1135 350 1295 394 excepta
1310 341 1339 381 Ι.
1351 341 1484 381 ordine
1497 340 1709 395 continuo:
1740 323 1748 379 i

448 395 553 444 ἄκροι
566 393 767 442 mahomat.
778 395 892 442 μάλα
912 394 1057 433 πολλοί.
1073 395 1127 433 τὰ
1139 393 1176 432 S'
1196 394 1306 432 ἄλλα
1320 393 1484 446 ἑώρακας
1503 399 1619 444 οἶμαι.
1633 396 1713 436 Re·
1741 414 1748 423 ¹

449 445 618 486 stitutam
641 445 840 486 leftionem
860 447 970 500 plane
985 445 1203 500 praeferunt
1216 446 1268 486 O.
1286 447 1315 485 I.
1330 447 1371 486 δι
1385 447 1426 486 P.
1446 446 1514 486 nist
1525 449 1632 500 quod
1647 447 1713 488 ἕω·
1742 435 1748 480 ἶ

447 513 516 552 ρας
538 500 578 538 in
597 511 646 538 eo
667 499 711 538 stt
733 513 805 552 pro
821 499 994 552 ἑώρακας.
1011 499 1161 539 Plenius
1182 501 1295 539 etiam
1313 499 1366 540 G.
1383 503 1487 553 ἀκρον
1511 501 1713 550 φιλόσοφοι
1740 496 1748 546 Ξ

448 553 565 603 μάλα
579 553 727 592 πολλοί.
740 559 836 592 Σωκ..
855 569 898 603 μ.
920 570 963 593 vr.
977 553 1135 605 ἑώρακα.
1149 556 1232 592 Μεν.
1253 553 1358 592 ἀλλὰ.
1379 552 1555 606 ἑώρακας.
1609 556 1634 594 l.
1652 569 1714 595 10.

447 605 523 648 ,Καὶ
541 604 691 660 ταῦτα)
706 606 855 646 Priores
866 607 948 646 edd.
967 606 1100 646 πάντα
1117 607 1312 658 ἐγνωκέναι
1325 605 1469 646 ταῦτοι.
1514 607 1605 660 Pag.
1623 621 1714 658 207.

449 660 474 697 l.
495 672 525 698 1.
541 659 672 712 Μέτει)
685 663 878 711 μεγίστην
890 660 1022 699 ἁσκεῖς
1035 660 1086 699 Ο.
1100 671 1233 711 margo
1251 660 1301 698 A.
1316 673 1328 696 ι
1343 663 1398 698 W.
1427 661 1520 711 Pag.
1533 660 1621 700 208.
1637 662 1660 699 l.
1677 676 1715 714 3.

448 714 727 761 Παντάπασιν)
742 712 858 753 Deest
869 714 909 752 in
920 713 971 753 O.
985 713 1030 752 C.
1059 714 1082 752 l.
1099 729 1136 761 4.
1156 712 1369 765 Ἀτρεπτῳ)
1384 711 1552 765 ἀτρέστῳ
1569 712 1608 752 P.
1635 717 1712 754 ead.

449 765 508 814 Τῷ
523 766 608 818 πρ.)
623 767 816 806 Voculam
830 767 885 815 τῷ
899 767 1036 806 habent
1047 765 1100 806 O.
1113 764 1159 804 C.
1176 766 1216 804 &
1229 767 1271 804 F.
1290 767 1335 804 P.
1354 767 1393 804 in
1407 767 1542 806 ceteris
1555 767 1639 806 edd.
1651 767 1716 807 de-

449 818 541 860 ficit.
567 822 642 858 ead.
656 820 869 873 Προσιέναι)
887 820 1106 872 προσίεσῧαι
1120 819 1171 858 O.
1187 820 1229 858 L.
1246 818 1408 868 omiffis,
1431 818 1460 858 fi
1476 818 1578 859 reae
1599 821 1716 873 capio

448 872 581 912 Solani
606 875 892 913 annotationem
905 903 918 919 ,
942 873 1006 911 καὶ
1026 870 1062 912 οὐ
1082 872 1183 912 πάνυ
1203 872 1383 912 sesi-{var
1409 872 1519 925 quod
1535 872 1591 912 uti
1611 872 1715 926 sper-

448 927 618 965 nendum
639 939 717 967 non
732 927 808 975 est,
830 927 950 966 modo
966 926 1132 966 nostram
1146 925 1452 965 emendationem
1467 925 1649 979 sequaris,
1661 926 1717 967 fic

448 979 674 1019 iamdudum
696 981 874 1020 nonnihil
895 992 918 1018 a
940 980 1101 1019 librariis
1118 980 1194 1019 hoc
1218 980 1256 1018 in
1276 978 1368 1019 loco
1390 977 1499 1018 fuiffe
1517 980 1716 1019 turbatum

451 1045 532 1072 non
547 1032 707 1073 obscure
722 1033 965 1074 demonstrat.
1020 1034 1110 1086 Pag.
1127 1046 1214 1085 209.
1234 1034 1258 1070 l.
1284 1032 1341 1071 16.
1357 1036 1432 1071 ΚΑΙ
1446 1032 1516 1085 Μ.)
1532 1039 1576 1071 Χ.
1589 1037 1638 1072 M.
1648 1034 1718 1072 καὶ

449 1084 574 1138 Ἑρμοῦ
595 1086 633 1125 Ρ.
677 1087 775 1137 l.17.
793 1088 954 1140 Πορθμίσι
968 1087 984 1139 )
999 1086 1179 1138 πορθμεῖα,
1197 1084 1248 1125 Ο.
1263 1100 1295 1138 3.
1312 1086 1355 1124 F.
1411 1085 1502 1139 Pag.
1526 1099 1615 1125 210.
1636 1087 1662 1124 l.
1683 1100 1718 1139 ς.

454 1139 546 1191 Σου)
558 1153 601 1178 σε
611 1139 660 1180 G.
673 1140 715 1179 L.
744 1142 768 1179 l.
788 1154 845 1180 10.
859 1142 1050 1191 Ὀνειιμην)
1065 1139 1222 1190 (ὀναίμην
1232 1138 1282 1178 O.
1298 1153 1332 1191 3.
1346 1139 1510 1189 ἐονοιίμκν
1524 1139 1562 1178 Ρ.
1576 1139 1619 1178 L.
1631 1138 1718 1179 ὥνέι-

450 1206 522 1242 μην
536 1205 670 1245 margo
684 1195 738 1232 A.
754 1208 769 1232 1
793 1198 849 1233 IV.
919 1194 1009 1245 Pag.
1027 1206 1114 1232 211.
1131 1194 1155 1231 l.
1179 1205 1212 1243 5.
1228 1191 1514 1244 Ἐπελαβόμυν)
1539 1204 1718 1233 cursore).-

451 1244 505 1285 O.
521 1260 554 1284 2.
578 1259 657 1285 non
672 1247 783 1286 male.
824 1248 848 1286 l.
865 1246 901 1286 6.
915 1245 1138 1299 Ἐπιβςιτῶν)
1157 1245 1371 1298 ὂὲυρομὲνων
1384 1245 1483 1284 addit
1497 1245 1550 1286 O.
1569 1260 1605 1285 2.
1624 1246 1719 1285 Non

451 1299 580 1351 probo
595 1312 694 1339 onus
706 1301 893 1340 orationis
907 1301 1050 1339 inutile.
1083 1301 1106 1338 l.
1120 1313 1156 1350 7.
1173 1298 1363 1352 Πορθμὶοι)
1376 1298 1542 1351 πορθμέα.
1553 1298 1606 1339 Ο.
1622 1313 1660 1352 3.
1675 1299 1719 1340 P.

451 1351 667 1392 Ostendunt
685 1354 748 1392 vel
761 1354 963 1405 πορθμεῖα,
981 1353 1045 1393 vel
1055 1356 1145 1405 ’πρὸς
1161 1356 1222 1391 τὸν
1233 1352 1412 1404 πορθμέα..
1440 1353 1467 1392 l.
1479 1366 1494 1390 1
1507 1352 1748 1405 ι.Προο-λ’ά-,;

452 1406 524 1458 βω)
539 1407 750 1458 παραλάβω
763 1406 814 1447 Ο.
832 1421 865 1446 2.
882 1420 1016 1460 prave.
1056 1408 1080 1445 l.
1094 1420 1107 1445 1
1118 1421 1152 1445 2.
1169 1405 1226 1444 Μὴ
1246 1405 1392 1459 ἐνόχλει
1408 1401 1492 1458 οὖν)
1503 1409 1566 1445 τὴν
1575 1405 1719 1457 μηθ’ὃ-
1746 1429 1748 1438 ‹

455 1459 552 1499 τιοῦν
566 1462 786 1512 κεκτημένον
799 1464 926 1511 μείτην
940 1460 991 1500 O.
1007 1475 1041 1499 2.
1058 1460 1152 1499 Non
1165 1457 1324 1498 absurde
1337 1458 1510 1499 videatur
1522 1459 1716 1506 accedere,

452 1513 672 1566 praesertim
694 1515 746 1553 ob
766 1527 835 1560 ea,
859 1527 958 1566 quae
978 1514 1135 1553 Charon
1160 1512 1318 1552 subiicit.
1398 1514 1490 1564 Pag.
1508 1527 1596 1553 212.
1613 1514 1636 1552 l.
1655 1526 1715 1564 19.

452 1567 663 1620 Φυλάκιος)
676 1568 842 1607 Φινέικιος
853 1568 904 1607 Ο.
920 1564 1149 1608 ommia-105
1161 1578 1297 1618 margo
1310 1565 1360 1604 A.
1383 1579 1399 1605 1
1420 1569 1474 1604 W.
1519 1566 1610 1617 Pag.
1629 1579 1719 1617 213.

453 1620 479 1660 l.
490 1635 526 1667 4.
541 1620 678 1674 Τύχῃ)
699 1621 815 1675 τύχοι
837 1621 888 1660 Ο.
911 1622 1000 1660 Hoc
1019 1633 1139 1673 genus
1162 1619 1366 1672 saepiffime
1384 1619 1537 1659 variant
1559 1619 1717 1659 librarii.

454 1674 480 1713 l.
496 1688 510 1712 1
523 1688 554 1727 5.
567 1675 796 1727 Περίμεινον)
815 1676 1040 1727 παράμεινον
1053 1674 1106 1713 Ο.
1121 1674 1163 1713 δι
1175 1686 1266 1712 mox
1279 1671 1440 1722 κᾴκείνη.
1517 1673 1609 1724 Pag.
1627 1686 1720 1721 214.

455 1726 481 1767 l.
496 1729 532 1766 6.
551 1726 677 1781 Λῆψῃ)
691 1727 804 1777 λήψει
820 1727 872 1768 0.
886 1741 985 1781 quae
1003 1727 1057 1768 est
1073 1728 1203 1767 Attica
1222 1726 1348 1766 forma
1360 1738 1450 1766 raro
1470 1724 1722 1777 scriptoribus

453 1780 645 1821 inferioris
662 1782 815 1828 aetatis,
834 1781 901 1821 nisi
920 1781 1078 1821 librariis
1088 1780 1202 1820 fidem
1224 1781 1474 1832 derogemus,
1495 1779 1632 1819 usitata
1645 1792 1720 1832 pro

455 1832 573 1885 λήψῃ.
601 1836 625 1874 l.
641 1850 655 1874 1
669 1850 700 1887 5.
717 1832 1039 1888 Προσῆσετοιι)“1ῐ3
1053 1834 1105 1875 O.
1120 1834 1159 1875 P.
1175 1835 1217 1873 L.
1233 1834 1277 1873 In
1289 1834 1370 1874 edd.
1385 1832 1454 1873 fuit
1466 1831 1718 1884 προσ-ὄψεται.

457 1888 547 1940 Pag.
566 1887 653 1927 218.
670 1890 693 1927 l.
708 1888 744 1928 8.
762 1886 1039 1941 Εὗμορφότερος)
1058 1889 1117 1927 Ita
1137 1887 1189 1928 O.
1207 1887 1357 1927 Priores
1377 1887 1462 1926 edd.
1483 1896 1644 1939 excepta
1663 1890 1720 1927 W.

454 1938 734 1994 εὖμορφώτερος.
747 1942 852 1982 Idem
867 1952 925 1981 ter
939 1943 975 1981 in
993 1941 1238 1996 sequentibus
1254 1941 1372 1980 huius
1385 1940 1524 1992 dialogi
1540 1939 1719 1980 emenda-

457 2003 539 2033 tum
554 1995 609 2035 est
618 1995 766 2050 vitjuni.
806 1996 829 2034 l.
847 2010 906 2048 13.
920 1994 1075 2046 Πότερος
1090 1995 1176 2045 οὑν)
1189 1994 1348 2035 Secutus
1363 1993 1443 2034 sum
1465 1993 1516 2034 O.
1531 1993 1575 2033 In
1591 1993 1719 2033 omni-

454 2047 527 2087 bus
540 2049 624 2088 edd.
640 2050 696 2089 οὖν
711 2049 878 2089 secundo
893 2048 1048 2102 πότερος
1062 2047 1374 2088 ετῑιῑίὶὼίεξὶυῐη.
1432 2047 1522 2101 Pag.
1537 2060 1623 2100 219.
1641 2048 1664 2086 l.
1682 2061 1719 2100 3.

450 2096 543 2153 Ὅρα.
555 2101 601 2141 σὺ
613 2101 686 2155 ἑὲ)
705 2103 764 2142 Sic
778 2102 830 2143 G.
844 2102 884 2142 P.
898 2102 939 2142 L.
954 2102 1058 2141 Ante
1072 2103 1110 2141 in
1125 2101 1271 2142 cunetis
1284 2101 1366 2141 edd.
1385 2099 1458 2141 fuit
1470 2130 1482 2147 ‚
1503 2097 1576 2153 ὅροι
1588 2100 1635 2140 δέ
1645 2115 1716 2140 σοι.

457 2154 548 2206 Pag.
565 2168 652 2195 220.
664 2157 688 2196 l.
704 2171 738 2209 3.
760 2155 831 2195 Μὲν
853 2156 934 2209 καὶ)
947 2155 1000 2195 O.
1015 2156 1244 2207 interponit,
1264 2155 1344 2206 ἐμοὶ
1357 2153 1424 2206 μὲν
1443 2150 1502 2194 οὖν
1521 2155 1601 2200 καὶ,
1612 2153 1721 2207 quod

455 2220 538 2247 non
551 2207 697 2261 sperno.
752 2211 842 2268 Pag.
858 2223 905 2248 22
916 2223 945 2248 1.
957 2210 983 2248 l.
998 2209 1034 2248 8.
1049 2209 1126 2259 Ἀφ’
1137 2204 1206 2262 οἷ’ἶ)
1221 2209 1264 2248 1η
1280 2209 1448 2262 margine
1462 2208 1515 2246 A.
1532 2221 1546 2246 1
1572 2211 1626 2246 W.
1645 2220 1720 2247 no-

453 2270 578 2303 tatur:
595 2263 885 2314 Legeadumsorte
905 2262 957 2311 ἐφ’
973 2256 1024 2301 0-5·
1045 2263 1152 2315 quod
1171 2262 1310 2302 nullius
1321 2262 1444 2314 pretii.
1491 2262 1514 2299 l.
1531 2275 1591 2309 ¹4·
1606 2265 1721 2314 Περι-

455 2314 559 2368 στῖῖ)
584 2318 762 2368 περιπέσῃ
781 2316 822 2355 Ρ.
838 2317 880 2355 L.
899 2329 1033 2369 margo
1049 2317 1099 2355 A.
1119 2331 1133 2355 1
1158 2320 1213 2354 IV.
1228 2316 1357 2355 Multo
1372 2314 1531 2368 praestat
1547 2314 1721 2366 vulgata.

457 2369 548 2422 Pag.
564 2383 652 2423 223.
667 2370 690 2408 l.
704 2384 740 2423 9.
758 2369 892 2423 Ἐρεῖν)
906 2369 1103 2422 ἑωρακέναι
1128 2369 1175 2409 C.
1194 2369 1232 2408 P.
1255 2369 1361 2422 quod
1382 2378 1534 2421 recepta
1556 2367 1720 2408 lectione

455 2435 537 2461 non
555 2425 888 2463 commutaverim.
903 2423 1150 2463 Evanuerant
1163 2424 1201 2461 in
1214 2422 1344 2476 aliquo
1355 2421 1500 2462 Codice
1512 2421 1642 2461 literae
1651 2418 1720 2461 τοῦ

455 2474 561 2527 ἐρεῖν
576 2475 735 2516 restituit
752 2477 925 2516 librarius
941 2477 1101 2516 verbum
1114 2506 1125 2523 ‚
1147 2477 1253 2529 quod
1273 2476 1484 2516 convenire
1498 2475 1592 2515 loco
1605 2486 1719 2528 puta·

456 2538 527 2571 ret.
563 2530 589 2570 I.
612 2543 670 2572 12.
685 2530 872 2585 Ὀροίτης)
886 2531 933 2571 Α.
954 2530 993 2571 Ρ.
1013 2531 1054 2574 L.
1067 2543 1200 2585 margo
1217 2530 1266 2570 A.
1283 2543 1297 2569 1
1321 2533 1377 2571 IV.
1391 2527 1562 2583 Ἦρώῶης.
1615 2530 1641 2570 l.
1656 2540 1713 2581 ¹3·
