<?xml version="1.0" encoding="UTF-8"?>
<!DOCTYPE html PUBLIC "-//W3C//DTD XHTML 1.0 Transitional//EN"
    "http://www.w3.org/TR/xhtml1/DTD/xhtml1-transitional.dtd">
<html xmlns="http://www.w3.org/1999/xhtml" xml:lang="en" lang="en">
 <head>
  <title>
</title>
<meta http-equiv="Content-Type" content="text/html;charset=utf-8" />
  <meta name='ocr-system' content='tesseract 3.04.00' />
  <meta name='ocr-capabilities' content='ocr_page ocr_carea ocr_par ocr_line ocrx_word'/>
</head>
<body>
  <div class='ocr_page' id='page_1' title='image "./operagraeceetlat02luciuoft_0286.png"; bbox 0 0 1748 3420; ppageno 0'>
   <div class='ocr_carea' id='block_1_1' title="bbox 438 218 1512 270">
    <p class='ocr_par' dir='ltr' id='par_1_1' title="bbox 438 218 1512 270">
     <span class='ocr_line' id='line_1_1' title="bbox 438 218 1512 270; baseline -0.001 -1"><span class='ocrx_word' id='word_1_1' title='bbox 438 224 525 270; x_wconf 81' lang='lat'>262</span> <span class='ocrx_word' id='word_1_2' title='bbox 639 218 1512 268; x_wconf 82' lang='lat' dir='ltr'>ANNOTATIONES</span> 
     </span>
    </p>
   </div>
   <div class='ocr_carea' id='block_1_2' title="bbox 429 305 1731 2576">
    <p class='ocr_par' dir='ltr' id='par_1_2' title="bbox 429 305 1731 993">
     <span class='ocr_line' id='line_1_2' title="bbox 434 305 1710 360; baseline 0.001 -13"><span class='ocrx_word' id='word_1_3' title='bbox 434 323 499 347; x_wconf 73' lang='grc' dir='ltr'>τα·</span> <span class='ocrx_word' id='word_1_4' title='bbox 517 305 554 345; x_wconf 78' lang='grc' dir='ltr'>οὐ</span> <span class='ocrx_word' id='word_1_5' title='bbox 567 306 646 360; x_wconf 62' lang='grc' dir='ltr'>γάρ</span> <span class='ocrx_word' id='word_1_6' title='bbox 658 320 670 354; x_wconf 91' lang='lat'>;</span> <span class='ocrx_word' id='word_1_7' title='bbox 684 305 750 346; x_wconf 70' lang='grc' dir='ltr'>καὶ</span> <span class='ocrx_word' id='word_1_8' title='bbox 765 308 874 358; x_wconf 68' lang='grc' dir='ltr'>παρὰ</span> <span class='ocrx_word' id='word_1_9' title='bbox 889 305 987 346; x_wconf 73' lang='grc' dir='ltr'>πολὺ</span> <span class='ocrx_word' id='word_1_10' title='bbox 1001 305 1076 346; x_wconf 84' lang='lat' dir='ltr'>&amp;c.</span> <span class='ocrx_word' id='word_1_11' title='bbox 1088 305 1198 346; x_wconf 91' lang='lat' dir='ltr'>lovis</span> <span class='ocrx_word' id='word_1_12' title='bbox 1214 319 1260 346; x_wconf 80' lang='lat' dir='ltr'>ea</span> <span class='ocrx_word' id='word_1_13' title='bbox 1277 306 1363 347; x_wconf 87' lang='lat' dir='ltr'>sunt</span> <span class='ocrx_word' id='word_1_14' title='bbox 1379 305 1470 347; x_wconf 83' lang='lat' dir='ltr'>salse</span> <span class='ocrx_word' id='word_1_15' title='bbox 1483 319 1647 348; x_wconf 82' lang='lat' dir='ltr'>uxorem</span> <span class='ocrx_word' id='word_1_16' title='bbox 1662 308 1710 348; x_wconf 84' lang='lat' dir='ltr'>ir-</span> 
     </span>
     <span class='ocr_line' id='line_1_3' title="bbox 435 361 1731 414; baseline 0.002 -14"><span class='ocrx_word' id='word_1_17' title='bbox 435 361 611 400; x_wconf 78' lang='lat' dir='ltr'>ridentis:</span> <span class='ocrx_word' id='word_1_18' title='bbox 631 362 806 399; x_wconf 82' lang='lat' dir='ltr'>Suaw&#39;ora</span> <span class='ocrx_word' id='word_1_19' title='bbox 814 361 899 412; x_wconf 77' lang='lat' dir='ltr'>Jimt</span> <span class='ocrx_word' id='word_1_20' title='bbox 920 362 1001 414; x_wconf 79' lang='lat' dir='ltr'>ista:</span> <span class='ocrx_word' id='word_1_21' title='bbox 1015 362 1152 400; x_wconf 84' lang='lat' dir='ltr'>nonne?</span> <span class='ocrx_word' id='word_1_22' title='bbox 1167 373 1270 413; x_wconf 81' lang='lat' dir='ltr'>atque</span> <span class='ocrx_word' id='word_1_23' title='bbox 1284 363 1423 402; x_wconf 79' lang='lat' dir='ltr'>multum</span> <span class='ocrx_word' id='word_1_24' title='bbox 1439 362 1586 414; x_wconf 81' lang='lat' dir='ltr'>interest,</span> <span class='ocrx_word' id='word_1_25' title='bbox 1604 375 1642 402; x_wconf 78' lang='lat' dir='ltr'>ue</span> <span class='ocrx_word' id='word_1_26' title='bbox 1655 363 1710 402; x_wconf 81' lang='lat' dir='ltr'>lu&#39;c</span> <span class='ocrx_word' id='word_1_27' title='bbox 1728 395 1731 397; x_wconf 89' lang='lat'>.</span> 
     </span>
     <span class='ocr_line' id='line_1_4' title="bbox 429 413 1709 468; baseline 0.002 -16"><span class='ocrx_word' id='word_1_28' title='bbox 429 415 592 468; x_wconf 79' lang='lat' dir='ltr'><em>pincerna</em></span> <span class='ocrx_word' id='word_1_29' title='bbox 607 414 827 467; x_wconf 81' lang='lat' dir='ltr'>(Vulcanus</span> <span class='ocrx_word' id='word_1_30' title='bbox 840 415 1018 454; x_wconf 88' lang='lat' dir='ltr'>nimirum</span> <span class='ocrx_word' id='word_1_31' title='bbox 1036 413 1230 466; x_wconf 85' lang='lat' dir='ltr'>praeditus</span> <span class='ocrx_word' id='word_1_32' title='bbox 1240 427 1285 454; x_wconf 87' lang='lat' dir='ltr'>ea</span> <span class='ocrx_word' id='word_1_33' title='bbox 1301 413 1448 455; x_wconf 85' lang='lat' dir='ltr'>formae</span> <span class='ocrx_word' id='word_1_34' title='bbox 1462 416 1709 455; x_wconf 84' lang='lat' dir='ltr'>commenda-</span> 
     </span>
     <span class='ocr_line' id='line_1_5' title="bbox 434 467 1711 522; baseline 0.002 -15"><span class='ocrx_word' id='word_1_35' title='bbox 434 469 565 514; x_wconf 86' lang='lat' dir='ltr'>tione,</span> <span class='ocrx_word' id='word_1_36' title='bbox 590 481 707 520; x_wconf 81' lang='lat' dir='ltr'>quam</span> <span class='ocrx_word' id='word_1_37' title='bbox 725 467 917 521; x_wconf 77' lang='lat' dir='ltr'>descripsi)</span> <span class='ocrx_word' id='word_1_38' title='bbox 931 469 1039 522; x_wconf 80' lang='lat' dir='ltr'>magis</span> <span class='ocrx_word' id='word_1_39' title='bbox 1051 467 1375 521; x_wconf 78' lang='lat' dir='ltr'>deceatsympofium</span> <span class='ocrx_word' id='word_1_40' title='bbox 1389 472 1565 509; x_wconf 84' lang='lat' dir='ltr'>Deorum:</span> <span class='ocrx_word' id='word_1_41' title='bbox 1582 472 1711 521; x_wconf 76' lang='lat' dir='ltr'>Gany-</span> 
     </span>
     <span class='ocr_line' id='line_1_6' title="bbox 436 523 1711 576; baseline 0.002 -15"><span class='ocrx_word' id='word_1_42' title='bbox 436 524 543 561; x_wconf 84' lang='lat' dir='ltr'>medes</span> <span class='ocrx_word' id='word_1_43' title='bbox 557 534 667 561; x_wconf 79' lang='lat' dir='ltr'>autem</span> <span class='ocrx_word' id='word_1_44' title='bbox 679 523 797 561; x_wconf 79' lang='lat' dir='ltr'>iterum</span> <span class='ocrx_word' id='word_1_45' title='bbox 813 523 848 560; x_wconf 82' lang='grc' dir='ltr'>ἱη</span> <span class='ocrx_word' id='word_1_46' title='bbox 862 523 958 560; x_wconf 69' lang='lat' dir='ltr'>Idam</span> <span class='ocrx_word' id='word_1_47' title='bbox 973 523 1192 561; x_wconf 64' lang='lat' dir='ltr'>demittendus</span> <span class='ocrx_word' id='word_1_48' title='bbox 1205 524 1247 574; x_wconf 87' lang='lat' dir='ltr'>est</span> <span class='ocrx_word' id='word_1_49' title='bbox 1256 551 1267 569; x_wconf 85' lang='lat'><strong>‚</strong></span> <span class='ocrx_word' id='word_1_50' title='bbox 1287 523 1406 576; x_wconf 80' lang='lat' dir='ltr'><em>quippe</em></span> <span class='ocrx_word' id='word_1_51' title='bbox 1421 525 1569 562; x_wconf 83' lang='lat' dir='ltr'>mundus</span> <span class='ocrx_word' id='word_1_52' title='bbox 1579 553 1593 569; x_wconf 88' lang='lat'><em>‚</em></span> <span class='ocrx_word' id='word_1_53' title='bbox 1613 524 1649 563; x_wconf 72' lang='grc' dir='ltr'>δ’</span> <span class='ocrx_word' id='word_1_54' title='bbox 1659 524 1711 562; x_wconf 73' lang='lat' dir='ltr'>di-</span> 
     </span>
     <span class='ocr_line' id='line_1_7' title="bbox 432 575 1711 640; baseline 0.002 -26"><span class='ocrx_word' id='word_1_55' title='bbox 432 576 516 627; x_wconf 82' lang='lat' dir='ltr'><em>gitis</em></span> <span class='ocrx_word' id='word_1_56' title='bbox 536 575 660 640; x_wconf 75' lang='lat' dir='ltr'>roseis‚</span> <span class='ocrx_word' id='word_1_57' title='bbox 671 577 818 628; x_wconf 80' lang='lat' dir='ltr'>sciteque</span> <span class='ocrx_word' id='word_1_58' title='bbox 831 577 993 629; x_wconf 69' lang='lat' dir='ltr'>ministrat</span> <span class='ocrx_word' id='word_1_59' title='bbox 1011 576 1183 628; x_wconf 74' lang='lat' dir='ltr'>poculum.</span> <span class='ocrx_word' id='word_1_60' title='bbox 1210 575 1311 616; x_wconf 87' lang='lat' dir='ltr'>Usus</span> <span class='ocrx_word' id='word_1_61' title='bbox 1330 577 1484 629; x_wconf 85' lang='lat' dir='ltr'>elegans</span> <span class='ocrx_word' id='word_1_62' title='bbox 1504 577 1711 630; x_wconf 80' lang='lat' dir='ltr'>particula-</span> 
     </span>
     <span class='ocr_line' id='line_1_8' title="bbox 433 629 1710 684; baseline 0.002 -15"><span class='ocrx_word' id='word_1_63' title='bbox 433 642 519 669; x_wconf 86' lang='lat' dir='ltr'>rum</span> <span class='ocrx_word' id='word_1_64' title='bbox 538 645 577 670; x_wconf 92' lang='grc' dir='ltr'>ου</span> <span class='ocrx_word' id='word_1_65' title='bbox 592 632 684 684; x_wconf 67' lang='grc' dir='ltr'>γὰρ,</span> <span class='ocrx_word' id='word_1_66' title='bbox 700 631 765 682; x_wconf 88' lang='lat' dir='ltr'>qui</span> <span class='ocrx_word' id='word_1_67' title='bbox 785 643 973 670; x_wconf 87' lang='lat' dir='ltr'>venerum</span> <span class='ocrx_word' id='word_1_68' title='bbox 998 629 1238 669; x_wconf 79' lang='lat' dir='ltr'>Graecarum</span> <span class='ocrx_word' id='word_1_69' title='bbox 1262 630 1362 669; x_wconf 81' lang='lat' dir='ltr'>haud</span> <span class='ocrx_word' id='word_1_70' title='bbox 1378 631 1490 682; x_wconf 89' lang='lat' dir='ltr'>plane</span> <span class='ocrx_word' id='word_1_71' title='bbox 1511 642 1710 683; x_wconf 86' lang='lat' dir='ltr'>expertem</span> 
     </span>
     <span class='ocr_line' id='line_1_9' title="bbox 434 683 1711 738; baseline 0.002 -14"><span class='ocrx_word' id='word_1_72' title='bbox 434 684 569 737; x_wconf 82' lang='lat' dir='ltr'>fugere</span> <span class='ocrx_word' id='word_1_73' title='bbox 594 697 674 723; x_wconf 89' lang='lat' dir='ltr'>non</span> <span class='ocrx_word' id='word_1_74' title='bbox 698 684 844 737; x_wconf 86' lang='lat' dir='ltr'>potest,</span> <span class='ocrx_word' id='word_1_75' title='bbox 870 685 1032 723; x_wconf 82' lang='lat' dir='ltr'>ironiam</span> <span class='ocrx_word' id='word_1_76' title='bbox 1061 683 1231 722; x_wconf 76' lang='lat' dir='ltr'>adiuvat:</span> <span class='ocrx_word' id='word_1_77' title='bbox 1253 684 1329 722; x_wconf 88' lang='lat' dir='ltr'>vid.</span> <span class='ocrx_word' id='word_1_78' title='bbox 1355 683 1552 738; x_wconf 85' lang='lat' dir='ltr'>Aristoph.</span> <span class='ocrx_word' id='word_1_79' title='bbox 1572 684 1651 724; x_wconf 90' lang='lat' dir='ltr'>Av.</span> <span class='ocrx_word' id='word_1_80' title='bbox 1670 699 1711 727; x_wconf 85' lang='grc' dir='ltr'>ν.</span> 
     </span>
     <span class='ocr_line' id='line_1_10' title="bbox 436 736 1712 792; baseline -0.002 -14"><span class='ocrx_word' id='word_1_81' title='bbox 436 739 481 778; x_wconf 89' lang='lat'>61</span> <span class='ocrx_word' id='word_1_82' title='bbox 493 754 513 778; x_wconf 89' lang='lat'>2</span> <span class='ocrx_word' id='word_1_83' title='bbox 525 769 538 785; x_wconf 94' lang='lat'>,</span> <span class='ocrx_word' id='word_1_84' title='bbox 557 738 700 778; x_wconf 87' lang='lat' dir='ltr'>Ecclez.</span> <span class='ocrx_word' id='word_1_85' title='bbox 715 752 754 776; x_wconf 93' lang='lat' dir='ltr'>v.</span> <span class='ocrx_word' id='word_1_86' title='bbox 769 739 855 786; x_wconf 90' lang='lat'>760.</span> <span class='ocrx_word' id='word_1_87' title='bbox 881 736 989 788; x_wconf 81' lang='lat' dir='ltr'><strong>saepe</strong></span> <span class='ocrx_word' id='word_1_88' title='bbox 1011 738 1047 776; x_wconf 85' lang='lat' dir='ltr'>in</span> <span class='ocrx_word' id='word_1_89' title='bbox 1062 736 1233 776; x_wconf 85' lang='lat' dir='ltr'>Platone.</span> <span class='ocrx_word' id='word_1_90' title='bbox 1256 736 1351 776; x_wconf 86' lang='lat' dir='ltr'>Illud</span> <span class='ocrx_word' id='word_1_91' title='bbox 1366 738 1631 788; x_wconf 76' lang='grc' dir='ltr'><em>ἐπισταμένως</em></span> <span class='ocrx_word' id='word_1_92' title='bbox 1642 740 1712 792; x_wconf 60' lang='lat' dir='ltr'>‹ip-{-</span> 
     </span>
     <span class='ocr_line' id='line_1_11' title="bbox 436 790 1730 845; baseline -0.002 -14"><span class='ocrx_word' id='word_1_93' title='bbox 436 807 522 845; x_wconf 66' lang='lat'><strong><em>‘7⁶¹⁹</em></strong></span> <span class='ocrx_word' id='word_1_94' title='bbox 546 793 646 844; x_wconf 84' lang='lat' dir='ltr'>apud</span> <span class='ocrx_word' id='word_1_95' title='bbox 666 792 846 843; x_wconf 85' lang='lat' dir='ltr'>Xenoph.</span> <span class='ocrx_word' id='word_1_96' title='bbox 868 796 906 830; x_wconf 88' lang='lat' dir='ltr'>K.</span> <span class='ocrx_word' id='word_1_97' title='bbox 925 796 970 829; x_wconf 89' lang='grc' dir='ltr'>Π.</span> <span class='ocrx_word' id='word_1_98' title='bbox 992 797 1026 839; x_wconf 91' lang='grc' dir='ltr'>Ι,</span> <span class='ocrx_word' id='word_1_99' title='bbox 1040 806 1076 843; x_wconf 90' lang='lat' dir='ltr'>p.</span> <span class='ocrx_word' id='word_1_100' title='bbox 1099 792 1146 839; x_wconf 89' lang='lat'>6,</span> <span class='ocrx_word' id='word_1_101' title='bbox 1164 791 1217 829; x_wconf 83' lang='lat' dir='ltr'>est</span> <span class='ocrx_word' id='word_1_102' title='bbox 1232 790 1358 830; x_wconf 65' lang='grc' dir='ltr'>καλῶς</span> <span class='ocrx_word' id='word_1_103' title='bbox 1378 791 1555 845; x_wconf 82' lang='grc' dir='ltr'><strong><em>οἰνοχοεῖν</em></strong></span> <span class='ocrx_word' id='word_1_104' title='bbox 1574 793 1638 833; x_wconf 78' lang='grc' dir='ltr'>καὶ</span> <span class='ocrx_word' id='word_1_105' title='bbox 1657 791 1712 832; x_wconf 73' lang='grc' dir='ltr'><strong><em>εὖ·</em></strong></span> <span class='ocrx_word' id='word_1_106' title='bbox 1728 821 1730 829; x_wconf 76' lang='grc'>,</span> 
     </span>
     <span class='ocr_line' id='line_1_12' title="bbox 437 845 1712 898; baseline 0.001 -13"><span class='ocrx_word' id='word_1_107' title='bbox 437 847 658 898; x_wconf 78' lang='grc' dir='ltr'><strong><em>σχημὸνως,</em></strong></span> <span class='ocrx_word' id='word_1_108' title='bbox 676 845 835 896; x_wconf 57' lang='grc' dir='ltr'><strong><em>κομψῶς</em></strong></span> <span class='ocrx_word' id='word_1_109' title='bbox 851 845 1032 897; x_wconf 79' lang='grc' dir='ltr'><strong><em>οἰνοχοεῖν</em></strong></span> <span class='ocrx_word' id='word_1_110' title='bbox 1044 845 1108 883; x_wconf 71' lang='grc' dir='ltr'>καὶ</span> <span class='ocrx_word' id='word_1_111' title='bbox 1121 845 1301 895; x_wconf 68' lang='grc' dir='ltr'>καθαρίως</span> <span class='ocrx_word' id='word_1_112' title='bbox 1316 845 1466 898; x_wconf 66' lang='grc' dir='ltr'><strong><em>ἐγχεῖν,</em></strong></span> <span class='ocrx_word' id='word_1_113' title='bbox 1489 847 1712 886; x_wconf 57' lang='grc' dir='ltr'><strong><em>σπουδαίως</em></strong></span> 
     </span>
     <span class='ocr_line' id='line_1_13' title="bbox 438 896 1714 952; baseline 0.002 -14"><span class='ocrx_word' id='word_1_114' title='bbox 438 901 501 939; x_wconf 68' lang='grc' dir='ltr'>καὶ</span> <span class='ocrx_word' id='word_1_115' title='bbox 525 896 771 952; x_wconf 71' lang='grc' dir='ltr'><strong><em>εὐσχημόνως</em></strong></span> <span class='ocrx_word' id='word_1_116' title='bbox 793 898 877 939; x_wconf 74' lang='grc' dir='ltr'>πῶς</span> <span class='ocrx_word' id='word_1_117' title='bbox 899 898 1159 952; x_wconf 68' lang='grc' dir='ltr'>προσενεγκεῖν</span> <span class='ocrx_word' id='word_1_118' title='bbox 1181 899 1247 938; x_wconf 70' lang='grc' dir='ltr'>καὶ</span> <span class='ocrx_word' id='word_1_119' title='bbox 1268 898 1438 939; x_wconf 63' lang='grc' dir='ltr'>ἐνδοῦναι</span> <span class='ocrx_word' id='word_1_120' title='bbox 1465 900 1532 940; x_wconf 59' lang='grc' dir='ltr'>τὴν</span> <span class='ocrx_word' id='word_1_121' title='bbox 1555 900 1714 952; x_wconf 80' lang='grc' dir='ltr'><strong><em>φιάλην.</em></strong></span> 
     </span>
     <span class='ocr_line' id='line_1_14' title="bbox 438 955 602 993; baseline 0.006 -1"><span class='ocrx_word' id='word_1_122' title='bbox 438 955 602 993; x_wconf 75' lang='lat' dir='ltr'>HEMST.</span> 
     </span>
    </p>

    <p class='ocr_par' dir='ltr' id='par_1_3' title="bbox 439 1001 1712 1114">
     <span class='ocr_line' id='line_1_15' title="bbox 493 1001 1712 1060; baseline 0.003 -14"><span class='ocrx_word' id='word_1_123' title='bbox 493 1011 566 1046; x_wconf 76' lang='lat' dir='ltr'>ead.</span> <span class='ocrx_word' id='word_1_124' title='bbox 583 1010 606 1047; x_wconf 89' lang='lat' dir='ltr'>l.</span> <span class='ocrx_word' id='word_1_125' title='bbox 619 1020 633 1046; x_wconf 89' lang='lat'>1</span> <span class='ocrx_word' id='word_1_126' title='bbox 647 1021 678 1046; x_wconf 86' lang='lat'>1.</span> <span class='ocrx_word' id='word_1_127' title='bbox 689 1001 814 1047; x_wconf 64' lang='lat' dir='ltr'>‘Hsiov</span> <span class='ocrx_word' id='word_1_128' title='bbox 825 1005 892 1046; x_wconf 76' lang='grc' dir='ltr'>τοῦ</span> <span class='ocrx_word' id='word_1_129' title='bbox 909 1006 1104 1060; x_wconf 74' lang='grc' dir='ltr'><strong><em>νέκταρος)</em></strong></span> <span class='ocrx_word' id='word_1_130' title='bbox 1119 1006 1179 1047; x_wconf 90' lang='lat' dir='ltr'>Sic</span> <span class='ocrx_word' id='word_1_131' title='bbox 1194 1006 1294 1060; x_wconf 82' lang='lat' dir='ltr'>apud</span> <span class='ocrx_word' id='word_1_132' title='bbox 1306 1005 1461 1047; x_wconf 83' lang='lat' dir='ltr'>Hefiod.</span> <span class='ocrx_word' id='word_1_133' title='bbox 1475 1007 1583 1048; x_wconf 90' lang='lat' dir='ltr'>Scut.</span> <span class='ocrx_word' id='word_1_134' title='bbox 1593 1009 1712 1050; x_wconf 85' lang='lat' dir='ltr'>Herc.</span> 
     </span>
     <span class='ocr_line' id='line_1_16' title="bbox 439 1060 1211 1114; baseline -0.003 -13"><span class='ocrx_word' id='word_1_135' title='bbox 439 1061 493 1101; x_wconf 71' lang='grc' dir='ltr'>τά</span> <span class='ocrx_word' id='word_1_136' title='bbox 508 1076 591 1110; x_wconf 80' lang='grc' dir='ltr'><strong><em>σφιν</em></strong></span> <span class='ocrx_word' id='word_1_137' title='bbox 606 1060 705 1101; x_wconf 57' lang='grc' dir='ltr'>πολὺ</span> <span class='ocrx_word' id='word_1_138' title='bbox 719 1062 876 1114; x_wconf 64' lang='grc' dir='ltr'><strong><em>φέρτεροι</em></strong></span> <span class='ocrx_word' id='word_1_139' title='bbox 888 1063 1023 1102; x_wconf 59' lang='lat' dir='ltr'>eratum.</span> <span class='ocrx_word' id='word_1_140' title='bbox 1037 1062 1211 1100; x_wconf 72' lang='lat' dir='ltr'>Romu).</span> 
     </span>
    </p>

    <p class='ocr_par' dir='ltr' id='par_1_4' title="bbox 440 1114 1714 1275">
     <span class='ocr_line' id='line_1_17' title="bbox 492 1114 1714 1167; baseline 0.003 -14"><span class='ocrx_word' id='word_1_141' title='bbox 492 1118 565 1154; x_wconf 78' lang='lat' dir='ltr'>ead.</span> <span class='ocrx_word' id='word_1_142' title='bbox 579 1117 602 1154; x_wconf 92' lang='lat' dir='ltr'>l.</span> <span class='ocrx_word' id='word_1_143' title='bbox 623 1129 680 1163; x_wconf 86' lang='lat'>14.</span> <span class='ocrx_word' id='word_1_144' title='bbox 696 1119 761 1155; x_wconf 76' lang='grc' dir='ltr'>Γον</span> <span class='ocrx_word' id='word_1_145' title='bbox 781 1118 897 1165; x_wconf 59' lang='grc' dir='ltr'><strong><em>κοωζον</em></strong></span> <span class='ocrx_word' id='word_1_146' title='bbox 911 1114 1093 1167; x_wconf 69' lang='grc' dir='ltr'>κομήτην)</span> <span class='ocrx_word' id='word_1_147' title='bbox 1109 1115 1260 1154; x_wconf 83' lang='lat' dir='ltr'>Praeter</span> <span class='ocrx_word' id='word_1_148' title='bbox 1273 1115 1369 1155; x_wconf 86' lang='lat' dir='ltr'>alios</span> <span class='ocrx_word' id='word_1_149' title='bbox 1382 1115 1428 1155; x_wconf 90' lang='lat' dir='ltr'>de</span> <span class='ocrx_word' id='word_1_150' title='bbox 1444 1114 1714 1157; x_wconf 81' lang='lat' dir='ltr'>formofiffima</span> 
     </span>
     <span class='ocr_line' id='line_1_18' title="bbox 440 1168 1714 1225; baseline 0.001 -16"><span class='ocrx_word' id='word_1_151' title='bbox 440 1168 684 1220; x_wconf 79' lang='lat' dir='ltr'>Ganymedis</span> <span class='ocrx_word' id='word_1_152' title='bbox 705 1182 819 1208; x_wconf 86' lang='lat' dir='ltr'>coma</span> <span class='ocrx_word' id='word_1_153' title='bbox 840 1168 1043 1208; x_wconf 83' lang='lat' dir='ltr'>resciverat</span> <span class='ocrx_word' id='word_1_154' title='bbox 1071 1169 1295 1208; x_wconf 77' lang='lat' dir='ltr'>Callimach.</span> <span class='ocrx_word' id='word_1_155' title='bbox 1315 1169 1442 1222; x_wconf 85' lang='lat' dir='ltr'>Epigr.</span> <span class='ocrx_word' id='word_1_156' title='bbox 1457 1169 1566 1210; x_wconf 85' lang='lat' dir='ltr'>LVI:</span> <span class='ocrx_word' id='word_1_157' title='bbox 1589 1170 1714 1225; x_wconf 74' lang='grc' dir='ltr'>Ναιχὶ</span> 
     </span>
     <span class='ocr_line' id='line_1_19' title="bbox 440 1219 1430 1275; baseline 0.003 -14"><span class='ocrx_word' id='word_1_158' title='bbox 440 1224 533 1275; x_wconf 61' lang='grc' dir='ltr'>πρὸς</span> <span class='ocrx_word' id='word_1_159' title='bbox 546 1219 739 1275; x_wconf 73' lang='grc' dir='ltr'><strong><em>εὗχαίτεω</em></strong></span> <span class='ocrx_word' id='word_1_160' title='bbox 753 1222 1002 1272; x_wconf 56' lang='grc' dir='ltr'><strong><em>Γοινυμνίἒεος,</em></strong></span> <span class='ocrx_word' id='word_1_161' title='bbox 1016 1219 1152 1275; x_wconf 59' lang='lat' dir='ltr'>copem</span> <span class='ocrx_word' id='word_1_162' title='bbox 1170 1221 1249 1262; x_wconf 70' lang='grc' dir='ltr'><strong><em>Ζεῦ.</em></strong></span> <span class='ocrx_word' id='word_1_163' title='bbox 1265 1223 1430 1264; x_wconf 83' lang='lat' dir='ltr'>HEMST.</span> 
     </span>
    </p>

    <p class='ocr_par' dir='ltr' id='par_1_5' title="bbox 439 1270 1716 1533">
     <span class='ocr_line' id='line_1_20' title="bbox 496 1270 1714 1330; baseline 0.004 -16"><span class='ocrx_word' id='word_1_164' title='bbox 496 1277 588 1327; x_wconf 69' lang='lat' dir='ltr'><em>Pag.</em></span> <span class='ocrx_word' id='word_1_165' title='bbox 606 1291 663 1326; x_wconf 87' lang='lat'>17·</span> <span class='ocrx_word' id='word_1_166' title='bbox 677 1277 699 1314; x_wconf 88' lang='lat' dir='ltr'>l.</span> <span class='ocrx_word' id='word_1_167' title='bbox 722 1291 755 1316; x_wconf 80' lang='lat'>1.</span> <span class='ocrx_word' id='word_1_168' title='bbox 777 1277 930 1323; x_wconf 72' lang='grc' dir='ltr'><strong><em>Λυπεῖς,</em></strong></span> <span class='ocrx_word' id='word_1_169' title='bbox 949 1270 975 1315; x_wconf 70' lang='grc' dir='ltr'>ἶ)</span> <span class='ocrx_word' id='word_1_170' title='bbox 993 1271 1107 1330; x_wconf 69' lang='grc' dir='ltr'>Ἥρα,</span> <span class='ocrx_word' id='word_1_171' title='bbox 1125 1277 1306 1323; x_wconf 67' lang='grc' dir='ltr'><strong><em>σεαυτὴν,</em></strong></span> <span class='ocrx_word' id='word_1_172' title='bbox 1324 1273 1429 1317; x_wconf 59' lang='grc' dir='ltr'>οὗέὲν</span> <span class='ocrx_word' id='word_1_173' title='bbox 1446 1276 1548 1317; x_wconf 70' lang='grc' dir='ltr'><strong><em>’ἄλλο</em></strong></span> <span class='ocrx_word' id='word_1_174' title='bbox 1559 1309 1573 1326; x_wconf 84' lang='grc'><strong><em>,</em></strong></span> <span class='ocrx_word' id='word_1_175' title='bbox 1594 1277 1714 1329; x_wconf 65' lang='grc' dir='ltr'>κᾴμο)</span> 
     </span>
     <span class='ocr_line' id='line_1_21' title="bbox 441 1329 1714 1383; baseline 0.002 -13"><span class='ocrx_word' id='word_1_176' title='bbox 441 1330 535 1383; x_wconf 88' lang='lat' dir='ltr'>&amp;c.)</span> <span class='ocrx_word' id='word_1_177' title='bbox 548 1331 702 1370; x_wconf 83' lang='lat' dir='ltr'>Poterat</span> <span class='ocrx_word' id='word_1_178' title='bbox 715 1330 793 1370; x_wconf 85' lang='lat' dir='ltr'>fine</span> <span class='ocrx_word' id='word_1_179' title='bbox 807 1331 967 1370; x_wconf 87' lang='lat' dir='ltr'>crimine</span> <span class='ocrx_word' id='word_1_180' title='bbox 981 1329 1208 1371; x_wconf 68' lang='lat' dir='ltr'>Benediclus</span> <span class='ocrx_word' id='word_1_181' title='bbox 1226 1332 1413 1383; x_wconf 84' lang='lat' dir='ltr'>integram</span> <span class='ocrx_word' id='word_1_182' title='bbox 1432 1330 1636 1372; x_wconf 81' lang='lat' dir='ltr'>servaviffe</span> <span class='ocrx_word' id='word_1_183' title='bbox 1655 1333 1714 1372; x_wconf 87' lang='lat' dir='ltr'>in-</span> 
     </span>
     <span class='ocr_line' id='line_1_22' title="bbox 440 1384 1716 1441; baseline 0.002 -19"><span class='ocrx_word' id='word_1_184' title='bbox 440 1385 756 1434; x_wconf 82' lang='lat' dir='ltr'>terpretationem</span> <span class='ocrx_word' id='word_1_185' title='bbox 783 1384 933 1436; x_wconf 77' lang='lat' dir='ltr'>Micylli</span> <span class='ocrx_word' id='word_1_186' title='bbox 951 1397 959 1423; x_wconf 71' lang='grc' dir='ltr'><strong><em>ε</em></strong></span> <span class='ocrx_word' id='word_1_187' title='bbox 989 1385 1234 1437; x_wconf 82' lang='lat' dir='ltr'><em>Aegritudine,</em></span> <span class='ocrx_word' id='word_1_188' title='bbox 1258 1387 1346 1424; x_wconf 86' lang='lat' dir='ltr'>Iuno</span> <span class='ocrx_word' id='word_1_189' title='bbox 1359 1415 1371 1431; x_wconf 92' lang='lat'>‚</span> <span class='ocrx_word' id='word_1_190' title='bbox 1395 1397 1426 1424; x_wconf 85' lang='lat' dir='ltr'>te</span> <span class='ocrx_word' id='word_1_191' title='bbox 1444 1385 1553 1438; x_wconf 73' lang='lat' dir='ltr'>ipfizm</span> <span class='ocrx_word' id='word_1_192' title='bbox 1578 1387 1685 1441; x_wconf 84' lang='lat' dir='ltr'>afficis</span> <span class='ocrx_word' id='word_1_193' title='bbox 1699 1417 1716 1434; x_wconf 91' lang='lat'>,</span> 
     </span>
     <span class='ocr_line' id='line_1_23' title="bbox 441 1439 1714 1493; baseline 0.003 -17"><span class='ocrx_word' id='word_1_194' title='bbox 441 1439 530 1476; x_wconf 79' lang='lat' dir='ltr'>nihil</span> <span class='ocrx_word' id='word_1_195' title='bbox 540 1439 661 1487; x_wconf 76' lang='lat' dir='ltr'>aliud,·</span> <span class='ocrx_word' id='word_1_196' title='bbox 679 1439 714 1477; x_wconf 74' lang='lat'>6³</span> <span class='ocrx_word' id='word_1_197' title='bbox 729 1439 812 1478; x_wconf 83' lang='lat' dir='ltr'>mihi</span> <span class='ocrx_word' id='word_1_198' title='bbox 825 1454 966 1478; x_wconf 81' lang='lat' dir='ltr'>amorem</span> <span class='ocrx_word' id='word_1_199' title='bbox 980 1455 1014 1477; x_wconf 62' lang='lat' dir='ltr'>ao</span> <span class='ocrx_word' id='word_1_200' title='bbox 1029 1440 1137 1491; x_wconf 75' lang='lat' dir='ltr'>magis</span> <span class='ocrx_word' id='word_1_201' title='bbox 1152 1440 1322 1479; x_wconf 77' lang='lat' dir='ltr'>incendis:</span> <span class='ocrx_word' id='word_1_202' title='bbox 1341 1452 1458 1493; x_wconf 81' lang='lat' dir='ltr'>quam</span> <span class='ocrx_word' id='word_1_203' title='bbox 1473 1439 1582 1480; x_wconf 84' lang='lat' dir='ltr'>vides</span> <span class='ocrx_word' id='word_1_204' title='bbox 1595 1452 1714 1480; x_wconf 85' lang='lat' dir='ltr'>teme·</span> 
     </span>
     <span class='ocr_line' id='line_1_24' title="bbox 439 1492 1006 1533; baseline 0.002 -2"><span class='ocrx_word' id='word_1_205' title='bbox 439 1505 481 1532; x_wconf 88' lang='lat' dir='ltr'>re</span> <span class='ocrx_word' id='word_1_206' title='bbox 495 1492 544 1531; x_wconf 81' lang='lat' dir='ltr'>ab</span> <span class='ocrx_word' id='word_1_207' title='bbox 557 1506 607 1533; x_wconf 91' lang='lat' dir='ltr'>eo</span> <span class='ocrx_word' id='word_1_208' title='bbox 621 1504 846 1532; x_wconf 81' lang='lat' dir='ltr'>truncatam.</span> <span class='ocrx_word' id='word_1_209' title='bbox 860 1492 1006 1533; x_wconf 78' lang='lat' dir='ltr'><strong>GRON.</strong></span> 
     </span>
    </p>

    <p class='ocr_par' dir='ltr' id='par_1_6' title="bbox 439 1547 1728 1870">
     <span class='ocr_line' id='line_1_25' title="bbox 496 1547 1714 1602; baseline 0.002 -16"><span class='ocrx_word' id='word_1_210' title='bbox 496 1547 532 1586; x_wconf 82' lang='lat' dir='ltr'>in</span> <span class='ocrx_word' id='word_1_211' title='bbox 546 1548 663 1586; x_wconf 75' lang='lat' dir='ltr'><em>Schol.</em></span> <span class='ocrx_word' id='word_1_212' title='bbox 679 1548 742 1586; x_wconf 90' lang='lat' dir='ltr'>col.</span> <span class='ocrx_word' id='word_1_213' title='bbox 763 1561 794 1586; x_wconf 88' lang='lat'>1.</span> <span class='ocrx_word' id='word_1_214' title='bbox 814 1548 838 1586; x_wconf 92' lang='lat' dir='ltr'>l.</span> <span class='ocrx_word' id='word_1_215' title='bbox 855 1561 890 1586; x_wconf 85' lang='lat'>2.</span> <span class='ocrx_word' id='word_1_216' title='bbox 907 1547 1100 1601; x_wconf 78' lang='grc' dir='ltr'>Δηϊονὲως)</span> <span class='ocrx_word' id='word_1_217' title='bbox 1119 1547 1312 1602; x_wconf 89' lang='lat' dir='ltr'>Scriptum</span> <span class='ocrx_word' id='word_1_218' title='bbox 1327 1558 1408 1587; x_wconf 90' lang='lat' dir='ltr'>erat</span> <span class='ocrx_word' id='word_1_219' title='bbox 1424 1547 1590 1596; x_wconf 80' lang='grc' dir='ltr'><strong><em>Οἰονέως,</em></strong></span> <span class='ocrx_word' id='word_1_220' title='bbox 1604 1547 1714 1601; x_wconf 83' lang='lat' dir='ltr'>quod</span> 
     </span>
     <span class='ocr_line' id='line_1_26' title="bbox 439 1600 1728 1655; baseline 0.002 -15"><span class='ocrx_word' id='word_1_221' title='bbox 439 1600 491 1640; x_wconf 76' lang='lat' dir='ltr'>sic</span> <span class='ocrx_word' id='word_1_222' title='bbox 508 1602 720 1641; x_wconf 83' lang='lat' dir='ltr'>mutaviex</span> <span class='ocrx_word' id='word_1_223' title='bbox 736 1601 862 1642; x_wconf 84' lang='lat' dir='ltr'>Schol.</span> <span class='ocrx_word' id='word_1_224' title='bbox 882 1600 1042 1653; x_wconf 90' lang='lat' dir='ltr'>Didym.</span> <span class='ocrx_word' id='word_1_225' title='bbox 1055 1603 1101 1641; x_wconf 88' lang='lat' dir='ltr'>ad</span> <span class='ocrx_word' id='word_1_226' title='bbox 1114 1601 1156 1640; x_wconf 91' lang='lat'>11.</span> <span class='ocrx_word' id='word_1_227' title='bbox 1173 1607 1214 1651; x_wconf 87' lang='lat' dir='ltr'>A,</span> <span class='ocrx_word' id='word_1_228' title='bbox 1235 1602 1327 1651; x_wconf 89' lang='lat'><strong>268,</strong></span> <span class='ocrx_word' id='word_1_229' title='bbox 1348 1602 1390 1642; x_wconf 87' lang='lat'>&amp;</span> <span class='ocrx_word' id='word_1_230' title='bbox 1403 1601 1446 1641; x_wconf 86' lang='lat'>11.</span> <span class='ocrx_word' id='word_1_231' title='bbox 1464 1607 1510 1650; x_wconf 87' lang='grc' dir='ltr'>Ξ,</span> <span class='ocrx_word' id='word_1_232' title='bbox 1526 1615 1625 1655; x_wconf 81' lang='lat'>3173</span> <span class='ocrx_word' id='word_1_233' title='bbox 1644 1602 1728 1642; x_wconf 89' lang='lat' dir='ltr'>ubi&#39;</span> 
     </span>
     <span class='ocr_line' id='line_1_27' title="bbox 442 1655 1714 1709; baseline 0.002 -17"><span class='ocrx_word' id='word_1_234' title='bbox 442 1668 516 1705; x_wconf 85' lang='lat' dir='ltr'>pro</span> <span class='ocrx_word' id='word_1_235' title='bbox 535 1655 679 1702; x_wconf 82' lang='grc' dir='ltr'><strong><em>Ἰονέως,</em></strong></span> <span class='ocrx_word' id='word_1_236' title='bbox 698 1656 804 1708; x_wconf 90' lang='lat' dir='ltr'>quod</span> <span class='ocrx_word' id='word_1_237' title='bbox 829 1656 884 1694; x_wconf 87' lang='lat' dir='ltr'>ibi</span> <span class='ocrx_word' id='word_1_238' title='bbox 909 1655 1060 1708; x_wconf 80' lang='lat' dir='ltr'>legitur,</span> <span class='ocrx_word' id='word_1_239' title='bbox 1082 1656 1235 1695; x_wconf 83' lang='lat' dir='ltr'>Barnes.</span> <span class='ocrx_word' id='word_1_240' title='bbox 1257 1656 1449 1702; x_wconf 76' lang='grc' dir='ltr'><strong><em>Δηϊονέως,</em></strong></span> <span class='ocrx_word' id='word_1_241' title='bbox 1467 1667 1511 1696; x_wconf 88' lang='lat' dir='ltr'>ut</span> <span class='ocrx_word' id='word_1_242' title='bbox 1531 1657 1570 1695; x_wconf 90' lang='lat' dir='ltr'>in</span> <span class='ocrx_word' id='word_1_243' title='bbox 1585 1656 1714 1709; x_wconf 85' lang='lat' dir='ltr'>pri0re</span> 
     </span>
     <span class='ocr_line' id='line_1_28' title="bbox 442 1709 1714 1762; baseline 0.002 -14"><span class='ocrx_word' id='word_1_244' title='bbox 442 1709 621 1755; x_wconf 81' lang='lat' dir='ltr'>Scholi0‚</span> <span class='ocrx_word' id='word_1_245' title='bbox 648 1710 812 1762; x_wconf 83' lang='lat' dir='ltr'><strong>reponit.</strong></span> <span class='ocrx_word' id='word_1_246' title='bbox 839 1709 996 1749; x_wconf 79' lang='lat' dir='ltr'><strong>SOLAN.</strong></span> <span class='ocrx_word' id='word_1_247' title='bbox 1022 1710 1180 1750; x_wconf 85' lang='lat' dir='ltr'>Retinui</span> <span class='ocrx_word' id='word_1_248' title='bbox 1201 1710 1364 1756; x_wconf 81' lang='grc' dir='ltr'><strong><em>Οὶονέως,</em></strong></span> <span class='ocrx_word' id='word_1_249' title='bbox 1381 1709 1493 1750; x_wconf 87' lang='lat' dir='ltr'>cuius</span> <span class='ocrx_word' id='word_1_250' title='bbox 1517 1711 1714 1750; x_wconf 85' lang='lat' dir='ltr'>rationem</span> 
     </span>
     <span class='ocr_line' id='line_1_29' title="bbox 441 1763 1716 1817; baseline 0.002 -15"><span class='ocrx_word' id='word_1_251' title='bbox 441 1773 570 1816; x_wconf 84' lang='lat' dir='ltr'>petere</span> <span class='ocrx_word' id='word_1_252' title='bbox 586 1763 672 1803; x_wconf 76' lang='lat' dir='ltr'>licet</span> <span class='ocrx_word' id='word_1_253' title='bbox 684 1776 707 1802; x_wconf 88' lang='lat' dir='ltr'>a</span> <span class='ocrx_word' id='word_1_254' title='bbox 722 1763 944 1803; x_wconf 87' lang='lat' dir='ltr'>Munckero</span> <span class='ocrx_word' id='word_1_255' title='bbox 960 1763 1007 1802; x_wconf 87' lang='lat' dir='ltr'>ad</span> <span class='ocrx_word' id='word_1_256' title='bbox 1019 1764 1167 1816; x_wconf 82' lang='lat' dir='ltr'>Hygin.</span> <span class='ocrx_word' id='word_1_257' title='bbox 1181 1763 1222 1803; x_wconf 91' lang='lat' dir='ltr'>F.</span> <span class='ocrx_word' id='word_1_258' title='bbox 1238 1777 1326 1817; x_wconf 78' lang='lat'>155,</span> <span class='ocrx_word' id='word_1_259' title='bbox 1342 1778 1380 1817; x_wconf 87' lang='lat' dir='ltr'>p.</span> <span class='ocrx_word' id='word_1_260' title='bbox 1396 1778 1473 1815; x_wconf 87' lang='lat'>227</span> <span class='ocrx_word' id='word_1_261' title='bbox 1480 1778 1493 1813; x_wconf 79' lang='lat'>3</span> <span class='ocrx_word' id='word_1_262' title='bbox 1505 1764 1573 1804; x_wconf 92' lang='lat' dir='ltr'>ubi</span> <span class='ocrx_word' id='word_1_263' title='bbox 1585 1764 1716 1813; x_wconf 84' lang='lat' dir='ltr'>docet,</span> 
     </span>
     <span class='ocr_line' id='line_1_30' title="bbox 441 1817 1513 1870; baseline 0.003 -15"><span class='ocrx_word' id='word_1_264' title='bbox 441 1830 558 1870; x_wconf 81' lang='lat' dir='ltr'>quam</span> <span class='ocrx_word' id='word_1_265' title='bbox 572 1818 680 1857; x_wconf 79' lang='lat' dir='ltr'>varie</span> <span class='ocrx_word' id='word_1_266' title='bbox 694 1818 837 1857; x_wconf 80' lang='lat' dir='ltr'>Ixionis</span> <span class='ocrx_word' id='word_1_267' title='bbox 850 1817 968 1858; x_wconf 79' lang='lat' dir='ltr'>soceri</span> <span class='ocrx_word' id='word_1_268' title='bbox 985 1830 1130 1857; x_wconf 87' lang='lat' dir='ltr'>nomen</span> <span class='ocrx_word' id='word_1_269' title='bbox 1145 1817 1336 1858; x_wconf 84' lang='lat' dir='ltr'>scribatur.</span> <span class='ocrx_word' id='word_1_270' title='bbox 1350 1819 1513 1858; x_wconf 83' lang='lat' dir='ltr'>HEMST.</span> 
     </span>
    </p>

    <p class='ocr_par' dir='ltr' id='par_1_7' title="bbox 440 1866 1715 2074">
     <span class='ocr_line' id='line_1_31' title="bbox 495 1866 1715 1926; baseline 0.003 -17"><span class='ocrx_word' id='word_1_271' title='bbox 495 1872 573 1910; x_wconf 83' lang='lat' dir='ltr'>ibid.</span> <span class='ocrx_word' id='word_1_272' title='bbox 591 1873 615 1909; x_wconf 82' lang='lat' dir='ltr'>l.</span> <span class='ocrx_word' id='word_1_273' title='bbox 629 1871 666 1911; x_wconf 90' lang='lat'>6.</span> <span class='ocrx_word' id='word_1_274' title='bbox 681 1866 806 1924; x_wconf 63' lang='grc' dir='ltr'>Ἔνθα.)</span> <span class='ocrx_word' id='word_1_275' title='bbox 825 1872 990 1912; x_wconf 84' lang='lat' dir='ltr'>Solanus</span> <span class='ocrx_word' id='word_1_276' title='bbox 1011 1872 1125 1911; x_wconf 84' lang='lat' dir='ltr'>huius</span> <span class='ocrx_word' id='word_1_277' title='bbox 1143 1873 1229 1912; x_wconf 89' lang='lat' dir='ltr'>vice</span> <span class='ocrx_word' id='word_1_278' title='bbox 1252 1871 1490 1912; x_wconf 87' lang='lat' dir='ltr'>substituerat</span> <span class='ocrx_word' id='word_1_279' title='bbox 1510 1871 1612 1921; x_wconf 80' lang='grc' dir='ltr'><strong><em>ἐκεῖ,</em></strong></span> <span class='ocrx_word' id='word_1_280' title='bbox 1634 1885 1715 1926; x_wconf 78' lang='lat' dir='ltr'>qua</span> 
     </span>
     <span class='ocr_line' id='line_1_32' title="bbox 440 1925 1713 1979; baseline 0.002 -15"><span class='ocrx_word' id='word_1_281' title='bbox 440 1925 673 1966; x_wconf 70' lang='lat' dir='ltr'>au&amp;0ritate</span> <span class='ocrx_word' id='word_1_282' title='bbox 692 1939 773 1966; x_wconf 90' lang='lat' dir='ltr'>non</span> <span class='ocrx_word' id='word_1_283' title='bbox 788 1925 1081 1966; x_wconf 71' lang='lat' dir='ltr'>inoncns.’&#39;Evfloe</span> <span class='ocrx_word' id='word_1_284' title='bbox 1096 1925 1183 1966; x_wconf 78' lang='lat' dir='ltr'>satis</span> <span class='ocrx_word' id='word_1_285' title='bbox 1202 1925 1383 1966; x_wconf 78' lang='lat' dir='ltr'>usitatum</span> <span class='ocrx_word' id='word_1_286' title='bbox 1397 1956 1411 1974; x_wconf 88' lang='lat'>‚</span> <span class='ocrx_word' id='word_1_287' title='bbox 1430 1925 1648 1979; x_wconf 84' lang='lat' dir='ltr'>praesertim</span> <span class='ocrx_word' id='word_1_288' title='bbox 1671 1939 1713 1966; x_wconf 85' lang='lat' dir='ltr'>a·</span> 
     </span>
     <span class='ocr_line' id='line_1_33' title="bbox 441 1979 1713 2034; baseline 0.002 -16"><span class='ocrx_word' id='word_1_289' title='bbox 441 1979 520 2034; x_wconf 67' lang='lat' dir='ltr'>Rud</span> <span class='ocrx_word' id='word_1_290' title='bbox 535 1981 790 2030; x_wconf 89' lang='lat' dir='ltr'>recentiores,</span> <span class='ocrx_word' id='word_1_291' title='bbox 804 1993 877 2034; x_wconf 88' lang='lat' dir='ltr'>pro</span> <span class='ocrx_word' id='word_1_292' title='bbox 890 1980 975 2021; x_wconf 79' lang='grc' dir='ltr'><strong><em>ἐκεῖ.</em></strong></span> <span class='ocrx_word' id='word_1_293' title='bbox 994 1980 1032 2020; x_wconf 87' lang='lat' dir='ltr'>Si</span> <span class='ocrx_word' id='word_1_294' title='bbox 1053 1981 1142 2034; x_wconf 87' lang='lat' dir='ltr'>quid</span> <span class='ocrx_word' id='word_1_295' title='bbox 1163 1981 1390 2021; x_wconf 80' lang='lat' dir='ltr'>mutandum</span> <span class='ocrx_word' id='word_1_296' title='bbox 1413 1979 1515 2021; x_wconf 86' lang='lat' dir='ltr'>foret</span> <span class='ocrx_word' id='word_1_297' title='bbox 1527 2010 1542 2028; x_wconf 88' lang='lat'><em>,</em></span> <span class='ocrx_word' id='word_1_298' title='bbox 1558 1980 1713 2022; x_wconf 76' lang='lat' dir='ltr'>mallem</span> 
     </span>
     <span class='ocr_line' id='line_1_34' title="bbox 440 2035 727 2074; baseline 0.007 -3"><span class='ocrx_word' id='word_1_299' title='bbox 440 2037 540 2074; x_wconf 70' lang='lat' dir='ltr'>eim.</span> <span class='ocrx_word' id='word_1_300' title='bbox 561 2035 727 2074; x_wconf 84' lang='lat' dir='ltr'>HEMST.</span> 
     </span>
    </p>

    <p class='ocr_par' dir='ltr' id='par_1_8' title="bbox 433 2087 1726 2576">
     <span class='ocr_line' id='line_1_35' title="bbox 494 2087 1714 2142; baseline 0.003 -17"><span class='ocrx_word' id='word_1_301' title='bbox 494 2088 574 2126; x_wconf 83' lang='lat' dir='ltr'>ibid.</span> <span class='ocrx_word' id='word_1_302' title='bbox 588 2089 612 2128; x_wconf 93' lang='lat' dir='ltr'>l.</span> <span class='ocrx_word' id='word_1_303' title='bbox 627 2087 794 2141; x_wconf 72' lang='grc' dir='ltr'><strong><em>9.Ἱερῷ“)</em></strong></span> <span class='ocrx_word' id='word_1_304' title='bbox 815 2087 893 2141; x_wconf 77' lang='grc' dir='ltr'>ἱθρῷ</span> <span class='ocrx_word' id='word_1_305' title='bbox 917 2088 1018 2128; x_wconf 85' lang='lat' dir='ltr'>clare</span> <span class='ocrx_word' id='word_1_306' title='bbox 1042 2089 1079 2127; x_wconf 87' lang='lat' dir='ltr'>in</span> <span class='ocrx_word' id='word_1_307' title='bbox 1095 2087 1181 2128; x_wconf 82' lang='lat' dir='ltr'>Mff.</span> <span class='ocrx_word' id='word_1_308' title='bbox 1204 2088 1416 2142; x_wconf 83' lang='lat' dir='ltr'>legebatur.</span> <span class='ocrx_word' id='word_1_309' title='bbox 1438 2088 1556 2129; x_wconf 88' lang='lat' dir='ltr'>Forte</span> <span class='ocrx_word' id='word_1_310' title='bbox 1580 2101 1714 2130; x_wconf 87' lang='lat' dir='ltr'>emen·</span> 
     </span>
     <span class='ocr_line' id='line_1_36' title="bbox 439 2141 1713 2195; baseline 0.002 -15"><span class='ocrx_word' id='word_1_311' title='bbox 439 2141 602 2181; x_wconf 79' lang='lat' dir='ltr'>dandum</span> <span class='ocrx_word' id='word_1_312' title='bbox 620 2141 912 2191; x_wconf 60' lang='grc' dir='ltr'>ὃιακοιθαρίσοις,</span> <span class='ocrx_word' id='word_1_313' title='bbox 936 2144 1011 2183; x_wconf 91' lang='lat' dir='ltr'>hoc</span> <span class='ocrx_word' id='word_1_314' title='bbox 1032 2141 1105 2191; x_wconf 79' lang='lat' dir='ltr'>est,</span> <span class='ocrx_word' id='word_1_315' title='bbox 1123 2144 1298 2192; x_wconf 64' lang='lat' dir='ltr'>lustratum</span> <span class='ocrx_word' id='word_1_316' title='bbox 1310 2144 1452 2195; x_wconf 82' lang='lat' dir='ltr'>dimifit:</span> <span class='ocrx_word' id='word_1_317' title='bbox 1471 2142 1653 2183; x_wconf 83' lang='lat' dir='ltr'>lustratus</span> <span class='ocrx_word' id='word_1_318' title='bbox 1670 2155 1713 2183; x_wconf 88' lang='lat' dir='ltr'>e-</span> 
     </span>
     <span class='ocr_line' id='line_1_37' title="bbox 439 2195 1714 2251; baseline 0.003 -18"><span class='ocrx_word' id='word_1_319' title='bbox 439 2195 517 2234; x_wconf 85' lang='lat' dir='ltr'>nim</span> <span class='ocrx_word' id='word_1_320' title='bbox 531 2195 605 2234; x_wconf 82' lang='lat' dir='ltr'>fuit</span> <span class='ocrx_word' id='word_1_321' title='bbox 620 2196 733 2236; x_wconf 80' lang='lat' dir='ltr'>Ixion</span> <span class='ocrx_word' id='word_1_322' title='bbox 749 2210 770 2235; x_wconf 85' lang='lat' dir='ltr'>a</span> <span class='ocrx_word' id='word_1_323' title='bbox 785 2197 898 2242; x_wconf 88' lang='lat' dir='ltr'>love,</span> <span class='ocrx_word' id='word_1_324' title='bbox 917 2208 958 2237; x_wconf 87' lang='lat' dir='ltr'>ut</span> <span class='ocrx_word' id='word_1_325' title='bbox 974 2196 1132 2236; x_wconf 72' lang='lat' dir='ltr'>testatur</span> <span class='ocrx_word' id='word_1_326' title='bbox 1147 2197 1176 2236; x_wconf 89' lang='grc' dir='ltr'>Ι.</span> <span class='ocrx_word' id='word_1_327' title='bbox 1193 2197 1324 2236; x_wconf 85' lang='lat' dir='ltr'>Tzetz.</span> <span class='ocrx_word' id='word_1_328' title='bbox 1337 2196 1410 2237; x_wconf 86' lang='lat' dir='ltr'>Ch.</span> <span class='ocrx_word' id='word_1_329' title='bbox 1425 2197 1495 2244; x_wconf 93' lang='lat' dir='ltr'>IX,</span> <span class='ocrx_word' id='word_1_330' title='bbox 1510 2197 1609 2237; x_wconf 78' lang='lat' dir='ltr'>Hist.</span> <span class='ocrx_word' id='word_1_331' title='bbox 1621 2211 1714 2251; x_wconf 83' lang='lat'>273,</span> 
     </span>
     <span class='ocr_line' id='line_1_38' title="bbox 439 2249 1713 2299; baseline 0.003 -12"><span class='ocrx_word' id='word_1_332' title='bbox 439 2250 504 2299; x_wconf 80' lang='lat' dir='ltr'>qui</span> <span class='ocrx_word' id='word_1_333' title='bbox 521 2250 623 2296; x_wconf 80' lang='lat' dir='ltr'>dicit,</span> <span class='ocrx_word' id='word_1_334' title='bbox 637 2249 810 2290; x_wconf 79' lang='lat' dir='ltr'>socerum</span> <span class='ocrx_word' id='word_1_335' title='bbox 827 2250 974 2291; x_wconf 85' lang='lat' dir='ltr'>Ixionis</span> <span class='ocrx_word' id='word_1_336' title='bbox 987 2250 1034 2290; x_wconf 82' lang='lat' dir='ltr'>ab</span> <span class='ocrx_word' id='word_1_337' title='bbox 1051 2251 1136 2290; x_wconf 86' lang='lat' dir='ltr'>aliis</span> <span class='ocrx_word' id='word_1_338' title='bbox 1153 2262 1343 2291; x_wconf 80' lang='lat' dir='ltr'>vocatum</span> <span class='ocrx_word' id='word_1_339' title='bbox 1355 2251 1598 2298; x_wconf 86' lang='lat' dir='ltr'>Deioneum,</span> <span class='ocrx_word' id='word_1_340' title='bbox 1610 2251 1658 2292; x_wconf 83' lang='lat' dir='ltr'>ab</span> <span class='ocrx_word' id='word_1_341' title='bbox 1671 2264 1713 2291; x_wconf 82' lang='lat' dir='ltr'>a·</span> 
     </span>
     <span class='ocr_line' id='line_1_39' title="bbox 440 2302 1726 2358; baseline 0.005 -18"><span class='ocrx_word' id='word_1_342' title='bbox 440 2302 499 2342; x_wconf 86' lang='lat' dir='ltr'>liis</span> <span class='ocrx_word' id='word_1_343' title='bbox 515 2304 720 2352; x_wconf 85' lang='lat' dir='ltr'>Eioneum,</span> <span class='ocrx_word' id='word_1_344' title='bbox 732 2318 813 2356; x_wconf 85' lang='lat' dir='ltr'>quo</span> <span class='ocrx_word' id='word_1_345' title='bbox 828 2303 928 2344; x_wconf 88' lang='lat' dir='ltr'>forte</span> <span class='ocrx_word' id='word_1_346' title='bbox 943 2305 1062 2344; x_wconf 88' lang='lat' dir='ltr'>modo</span> <span class='ocrx_word' id='word_1_347' title='bbox 1076 2305 1135 2344; x_wconf 88' lang='lat' dir='ltr'>hic</span> <span class='ocrx_word' id='word_1_348' title='bbox 1149 2305 1262 2358; x_wconf 75' lang='lat' dir='ltr'>etiam</span> <span class='ocrx_word' id='word_1_349' title='bbox 1273 2305 1486 2358; x_wconf 86' lang='lat' dir='ltr'>legendum.</span> <span class='ocrx_word' id='word_1_350' title='bbox 1500 2305 1625 2345; x_wconf 81' lang='lat' dir='ltr'>CLER.</span> <span class='ocrx_word' id='word_1_351' title='bbox 1639 2305 1726 2346; x_wconf 88' lang='lat' dir='ltr'>Sed-</span> 
     </span>
     <span class='ocr_line' id='line_1_40' title="bbox 438 2354 1715 2411; baseline 0.004 -17"><span class='ocrx_word' id='word_1_352' title='bbox 438 2356 476 2394; x_wconf 84' lang='lat' dir='ltr'>in</span> <span class='ocrx_word' id='word_1_353' title='bbox 497 2358 540 2396; x_wconf 92' lang='lat' dir='ltr'>V.</span> <span class='ocrx_word' id='word_1_354' title='bbox 557 2356 637 2410; x_wconf 76' lang='grc' dir='ltr'>ἱερῷ</span> <span class='ocrx_word' id='word_1_355' title='bbox 650 2372 730 2398; x_wconf 87' lang='lat' dir='ltr'>non</span> <span class='ocrx_word' id='word_1_356' title='bbox 744 2354 819 2409; x_wconf 70' lang='grc' dir='ltr'>ἱόρῷ</span> <span class='ocrx_word' id='word_1_357' title='bbox 831 2359 961 2398; x_wconf 78' lang='lat' dir='ltr'>exstat.</span> <span class='ocrx_word' id='word_1_358' title='bbox 979 2359 1135 2399; x_wconf 80' lang='lat' dir='ltr'>SOLAN.</span> <span class='ocrx_word' id='word_1_359' title='bbox 1149 2358 1223 2398; x_wconf 85' lang='lat' dir='ltr'>Pro</span> <span class='ocrx_word' id='word_1_360' title='bbox 1238 2359 1318 2411; x_wconf 75' lang='grc' dir='ltr'>ἱθρῷ</span> <span class='ocrx_word' id='word_1_361' title='bbox 1332 2359 1471 2399; x_wconf 80' lang='lat' dir='ltr'>Matth.</span> <span class='ocrx_word' id='word_1_362' title='bbox 1487 2359 1620 2399; x_wconf 82' lang='lat' dir='ltr'>Sladus</span> <span class='ocrx_word' id='word_1_363' title='bbox 1629 2359 1715 2399; x_wconf 89' lang='lat' dir='ltr'>red-</span> 
     </span>
     <span class='ocr_line' id='line_1_41' title="bbox 440 2410 1714 2467; baseline 0.004 -19"><span class='ocrx_word' id='word_1_364' title='bbox 440 2410 582 2451; x_wconf 86' lang='lat' dir='ltr'>diderat</span> <span class='ocrx_word' id='word_1_365' title='bbox 593 2412 738 2462; x_wconf 61' lang='grc' dir='ltr'><strong><em>μισὲῷ·</em></strong></span> <span class='ocrx_word' id='word_1_366' title='bbox 752 2426 829 2466; x_wconf 87' lang='lat' dir='ltr'>qua</span> <span class='ocrx_word' id='word_1_367' title='bbox 841 2414 1062 2454; x_wconf 61' lang='lat' dir='ltr'>conieRura</span> <span class='ocrx_word' id='word_1_368' title='bbox 1078 2426 1157 2453; x_wconf 88' lang='lat' dir='ltr'>non</span> <span class='ocrx_word' id='word_1_369' title='bbox 1169 2413 1285 2453; x_wconf 87' lang='lat' dir='ltr'>video</span> <span class='ocrx_word' id='word_1_370' title='bbox 1299 2413 1464 2453; x_wconf 88' lang='lat' dir='ltr'>multum</span> <span class='ocrx_word' id='word_1_371' title='bbox 1477 2412 1627 2467; x_wconf 88' lang='lat' dir='ltr'>profici.</span> <span class='ocrx_word' id='word_1_372' title='bbox 1639 2414 1714 2453; x_wconf 90' lang='lat' dir='ltr'>Lo-</span> 
     </span>
     <span class='ocr_line' id='line_1_42' title="bbox 438 2463 1717 2519; baseline 0.005 -16"><span class='ocrx_word' id='word_1_373' title='bbox 438 2477 506 2504; x_wconf 90' lang='lat' dir='ltr'>cus</span> <span class='ocrx_word' id='word_1_374' title='bbox 520 2463 598 2504; x_wconf 86' lang='lat' dir='ltr'>sme</span> <span class='ocrx_word' id='word_1_375' title='bbox 611 2467 728 2506; x_wconf 88' lang='lat' dir='ltr'>dubio</span> <span class='ocrx_word' id='word_1_376' title='bbox 743 2478 967 2519; x_wconf 86' lang='lat' dir='ltr'>corruptus:</span> <span class='ocrx_word' id='word_1_377' title='bbox 984 2466 1045 2506; x_wconf 88' lang='lat' dir='ltr'>sed</span> <span class='ocrx_word' id='word_1_378' title='bbox 1060 2468 1134 2506; x_wconf 81' lang='lat' dir='ltr'>iam</span> <span class='ocrx_word' id='word_1_379' title='bbox 1151 2479 1231 2506; x_wconf 87' lang='lat' dir='ltr'>non</span> <span class='ocrx_word' id='word_1_380' title='bbox 1247 2478 1375 2514; x_wconf 82' lang='lat' dir='ltr'>vacat,</span> <span class='ocrx_word' id='word_1_381' title='bbox 1392 2478 1436 2507; x_wconf 89' lang='lat' dir='ltr'>ut</span> <span class='ocrx_word' id='word_1_382' title='bbox 1453 2468 1717 2509; x_wconf 66' lang='lat' dir='ltr'>emundamus</span> 
     </span>
     <span class='ocr_line' id='line_1_43' title="bbox 433 2518 1449 2576; baseline 0.007 -20"><span class='ocrx_word' id='word_1_383' title='bbox 433 2518 564 2572; x_wconf 84' lang='lat' dir='ltr'>aiquid</span> <span class='ocrx_word' id='word_1_384' title='bbox 579 2519 777 2569; x_wconf 79' lang='lat' dir='ltr'>sincerius,</span> <span class='ocrx_word' id='word_1_385' title='bbox 793 2534 943 2576; x_wconf 80' lang='lat' dir='ltr'>ungues</span> <span class='ocrx_word' id='word_1_386' title='bbox 958 2521 1056 2562; x_wconf 78' lang='lat' dir='ltr'>male</span> <span class='ocrx_word' id='word_1_387' title='bbox 1078 2521 1261 2563; x_wconf 84' lang='lat' dir='ltr'>mulcare.</span> <span class='ocrx_word' id='word_1_388' title='bbox 1280 2522 1449 2564; x_wconf 70' lang='lat' dir='ltr'>Hzmsr.</span> 
     </span>
    </p>
   </div>
   <div class='ocr_carea' id='block_1_3' title="bbox 1716 0 1748 3420">
    <p class='ocr_par' dir='ltr' id='par_1_9' title="bbox 1716 0 1748 3420">
     <span class='ocr_line' id='line_1_44' title="bbox 1716 0 1748 3420; baseline 0 0"><span class='ocrx_word' id='word_1_389' title='bbox 1716 0 1748 3420; x_wconf 95' lang='lat' dir='ltr'> </span> 
     </span>
    </p>
   </div>
  </div>
 </body>
</html>
