1748 3420
443 227 537 285 4ae
639 223 1518 275 ANNOTATIONES

442 313 564 366 dedzffi·
577 327 725 365 operam,
738 325 775 351 ut
789 327 864 352 cum
875 313 1090 362 Hannibale,
1114 313 1171 366 qui
1184 326 1254 353 tum
1268 315 1313 353 ihi
1320 313 1412 366 fhrte
1425 329 1513 361 erat,
1521 315 1624 369 saepe
1636 318 1719 358 conj

441 374 638 420 gratemur,
656 366 822 405 Claudius
832 396 845 411 ‚
866 366 989 418 inquit
1001 395 1012 412 ,
1019 367 1156 418 secutus
1173 368 1322 407 Graecos
1336 370 1520 408 Acilianos
1535 371 1650 418 libros,
1666 373 1712 412 P.

444 420 655 472 Africanum
669 420 704 458 ἱη
719 436 758 458 ea
765 418 873 471 suff
893 421 1056 472 legatione
1070 421 1194 466 tradit,
1212 437 1350 474 eumque
1363 423 1495 475 Ephesi
1512 425 1716 464 collocutum

443 489 518 513 cum
528 474 740 512 Hannibale.
756 473 845 512 Hoc
858 473 934 519 ille,
947 473 974 512 fi
987 473 1195 524 Polybium
1213 474 1369 514 haberet
1382 476 1578 515 auctorem
1591 507 1603 524 ,
1617 491 1717 517 nun-

443 540 562 580 quam
585 526 884 579 interposuisset,
904 539 1030 579 neque
1049 527 1164 566 alium
1177 526 1245 566 fibi
1266 529 1304 566 in
1319 529 1473 568 historia
1489 531 1719 583 pervulgata

443 580 701 620 fideiussorem
716 579 888 632 paraffet,
899 592 975 619 tam
991 579 1145 621 sollicite
1160 580 1423 621 demonstratis
1436 581 1607 622 fontibus
1618 613 1629 630 ‚
1644 598 1718 625 un·

445 635 492 674 de
505 634 631 674 fabula
647 645 834 672 manarat:
860 634 988 673 noluit
1002 645 1129 673 tamen
1144 647 1302 686 operam
1318 635 1421 674 suam
1441 636 1478 674 in
1491 648 1537 675 ea
1550 650 1590 676 re
1600 637 1718 679 literis

443 689 658 728 mandanda
683 687 906 735 defiderari‚
931 700 1033 740 quae
1055 687 1096 727 &
1110 687 1279 727 Romani
1300 689 1469 728 nominis
1490 690 1716 743 imperatori

443 741 597 782 summo
615 741 802 793 singulare
816 741 967 780 virtutis
982 741 1136 781 bellicae
1150 740 1405 782 testimonium
1418 773 1429 790 ‚
1448 742 1489 782 δι
1503 754 1647 783 tantam
1662 746 1719 785 le·

446 797 624 849 gentibus
646 794 756 834 affert
772 794 1037 847 voluptatem,
1061 806 1126 841 ut,
1148 794 1177 834 si
1195 808 1327 834 veram
1348 795 1422 836 effe
1436 795 1503 836 fibi
1527 810 1608 837 non
1631 812 1719 852 per·

445 850 647 894 suadeant,
668 849 828 887 libenter
842 847 973 887 saltem
986 859 1132 902 optent.
1156 848 1199 887 In
1216 849 1349 888 Iuliani
1362 849 1512 889 Caesar.
1525 865 1560 903 p.
1579 865 1655 904 320
1671 852 1715 893 δι

446 904 520 958 seq.
537 904 603 944 ubi
619 903 758 942 Iulium
774 900 976 941 Caesarem
991 902 1030 942 &
1044 902 1309 942 Alexandrum
1326 904 1424 942 inter
1439 903 1474 943 se
1492 907 1692 958 componit
1703 937 1717 954 ‚

446 958 567 998 multa
586 957 752 1010 reperies
771 956 822 994 ab
839 956 896 994 his
912 968 993 995 non
1006 956 1116 995 valde
1128 955 1351 995 diffidentia:
1376 957 1535 997 Luciani
1559 959 1595 997 in
1614 961 1717 1001 notis

446 1013 495 1051 ad
510 1012 601 1050 illud
615 1011 794 1062 scriptum
808 1009 962 1050 Gallicis
976 1009 1084 1062 saepe
1097 1010 1272 1050 meminit
1287 1010 1438 1050 illustris
1450 1011 1718 1064 spanhemius,

445 1065 604 1117 eiusque
622 1063 824 1103 sententias
841 1077 929 1103 cum
955 1063 1102 1103 Iuliano
1126 1065 1383 1117 comparavit.
1410 1065 1594 1105 Ceterum
1621 1067 1717 1108 haec

445 1119 658 1159 Alexandri
670 1117 715 1156 lis
724 1128 839 1169 atque
852 1118 1077 1157 Hannibalis
1091 1117 1297 1171 disceptata
1309 1117 1379 1158 fuit
1394 1119 1431 1157 in
1440 1119 1649 1160 Beatorum
1663 1122 1719 1160 in-

445 1172 541 1221 sula,
554 1173 611 1211 ius
622 1173 772 1211 dicente
785 1170 1095 1217 Rhadamantho,
1108 1183 1151 1211 ut
1163 1172 1318 1218 Noster,
1334 1173 1402 1224 qui
1415 1172 1490 1224 ipse
1505 1174 1645 1214 iudicio
1659 1186 1716 1215 te-

445 1226 508 1266 stis
522 1227 698 1266 oculatus
711 1223 901 1273 interfuit,
917 1236 1047 1264 narrat
1058 1226 1133 1264 Ἀλ.
1145 1225 1231 1264 ‘Ia-r.
1249 1225 1306 1274 11,
1330 1225 1345 1274 §
1361 1225 1397 1264 8.
1414 1227 1526 1266 ibide
1537 1227 1716 1280 Scipione

446 1281 558 1328 nihi13
574 1282 716 1333 quippe
733 1279 1005 1327 Romanorum
1021 1278 1160 1325 nullos,
1174 1292 1261 1318 cum
1277 1292 1327 1319 eo
1341 1279 1487 1320 delatus
1498 1280 1572 1320 fuit
1585 1282 1716 1322 Lucia-

443 1347 534 1380 nus,
553 1334 894 1372 insulaBeatorum
910 1333 1057 1372 habuit.
1070 1332 1134 1372 De
1147 1332 1319 1384 προεδρίᾳ.
1334 1346 1445 1382 vero,
1457 1336 1557 1387 apud
1573 1335 1716 1377 inferos

445 1389 559 1428 etiam
578 1388 690 1427 valde
701 1385 930 1435 honorifica,
945 1387 984 1426 ἃ
1000 1387 1113 1426 variis
1129 1387 1367 1435 umbrarum,
1382 1400 1482 1440 quae
1497 1390 1559 1441 pie
1573 1387 1717 1430 sanae-

444 1456 522 1495 que
541 1442 660 1481 vitam
683 1442 720 1479 in
736 1440 878 1492 superis
890 1441 1112 1489 coluerant,
1129 1441 1336 1493 privilegiis
1360 1444 1622 1495 opportunior
1641 1445 1715 1484 erit

445 1497 535 1536 alias
550 1496 697 1536 dicendi
712 1495 834 1534 locus.
860 1495 1021 1533 HEMST.

500 1552 592 1602 Pag.
611 1564 680 1599 ¹71
690 1579 698 1588 .
712 1551 734 1588 l.
751 1564 788 1597 4.
803 1548 1015 1602 Διενεγκεῖν
1024 1549 1076 1588 τὰ
1083 1547 1271 1601 πολέμια)
1287 1548 1429 1601 Aptius
1440 1549 1638 1591 crediderit
1649 1550 1715 1591 ali-

442 1606 533 1656 quis
546 1607 599 1642 τὲι
615 1605 808 1653 πολεμικὰ
821 1615 905 1641 eam
921 1603 974 1642 ob
991 1615 1092 1651 rem,
1105 1603 1212 1655 quod
1224 1601 1442 1656 frequenter
1456 1614 1657 1653 occurrat,
1672 1605 1715 1646 &

442 1659 650 1698 intervallo
664 1670 746 1696 non
760 1657 943 1696 mediocri
957 1657 1119 1710 disiungi
1132 1656 1335 1696 videantur
1346 1661 1530 1708 πολέμιος
1545 1658 1587 1698 &
1599 1670 1715 1699 πολε-

442 1713 565 1763 μικός.
592 1714 743 1752 Verum
762 1710 946 1750 servanda
959 1711 1013 1750 est
1024 1711 1207 1764 loquendi
1228 1710 1419 1760 formula,
1439 1713 1551 1752 cuius
1562 1724 1716 1767 geteres

443 1765 594 1806 secutus
608 1765 661 1805 est
684 1766 877 1805 Lucianus
898 1766 1090 1806 auftores.
1110 1764 1332 1815 Thucydid.
1349 1764 1390 1814 1,
1405 1778 1439 1805 c.
1459 1766 1522 1813 18,
1542 1768 1583 1806 εὑ
1597 1781 1717 1819 παρε-

442 1822 681 1860 σκευάσαντο
691 1822 745 1859 τὰ
758 1822 943 1869 πολέμιοι·
955 1819 1001 1858 ad
1013 1832 1130 1872 quem
1143 1819 1287 1866 locum,
1297 1832 1345 1858 ne
1355 1820 1439 1872 quis
1453 1821 1647 1873 praecipiti
1660 1823 1719 1861 iu-

442 1874 542 1913 dicio
557 1874 725 1922 fallatur,
746 1872 909 1926 operose
927 1885 1040 1913 cavet
1053 1874 1104 1912 H.
1121 1872 1358 1926 Stephanus;
1377 1874 1486 1913 cuius
1508 1876 1717 1916 annotatio

443 1926 472 1966 fi
486 1926 609 1967 fuisset
625 1929 662 1967 in
677 1938 835 1981 promtu
850 1927 925 1967 Iac.
941 1927 1153 1967 Gronovio
1164 1958 1176 1975 ‚
1191 1927 1315 1966 minus
1325 1958 1337 1973 ,
1352 1939 1394 1966 ut
1407 1939 1504 1980 puto
1513 1939 1529 1975 ‘,
1545 1928 1715 1970 confisus

440 1981 625 2021 Mediceis
640 1982 874 2021 membranis
885 1994 965 2020 non
978 1981 1129 2021 dedisset
1143 1982 1182 2020 in
1197 1982 1405 2020 Herodoto
1413 1981 1480 2030 111,
1490 1995 1524 2022 c.
1536 1985 1639 2031 4,τὲι
1649 1998 1716 2022 πο-

441 2038 585 2086 λεμικὰ
603 2039 770 2086 &anepos
790 2049 862 2088 pro
876 2038 930 2075 τὰ
943 2037 1126 2085 πολέμιοι·
1152 2034 1257 2075 istius
1279 2035 1425 2075 codicis
1443 2036 1712 2077 auctoritatem

441 2087 555 2130 facile
569 2101 810 2143 praegravat,
822 2100 940 2143 atque
953 2090 1142 2129 imitando
1155 2090 1357 2129 leetionem
1371 2090 1567 2143 antiquam
1582 2102 1713 2131 tuetur

441 2142 610 2195 Dionys.
631 2144 754 2184 Halic.
768 2144 819 2183 A.
833 2145 882 2183 R.
897 2144 954 2190 11,
969 2157 1006 2197 p.
1022 2144 1092 2197 96,
1111 2157 1150 2182 v.
1173 2145 1217 2183 16
1230 2173 1243 2190 ‚
1268 2141 1367 2182 ἐθνῶν
1382 2145 1572 2198 μεγάλων
1586 2159 1629 2184 τε
1646 2145 1713 2185 καὶ

440 2199 495 2236 τὰ.
506 2204 674 2248 πολέμια,
688 2199 868 2246 ἀλκίμων·
892 2212 928 2250 p.
948 2211 1033 2246 101,
1054 2212 1091 2237 v.
1110 2211 1168 2250 13,
1189 2197 1331 2250 avspoes
1343 2200 1396 2236 τὰ,
1416 2197 1585 2248 πολέμιοι
1598 2198 1712 2237 ἀλκί-

437 2266 544 2301 μουν
559 2265 596 2290 ν.
615 2266 661 2305 23
677 2283 688 2300 ,
713 2252 798 2302 alvia?
814 2251 1033 2303 δραστήριος
1046 2253 1111 2291 καὶ
1135 2254 1190 2290 τὰ,
1206 2251 1376 2300 πολέμιαι
1395 2250 1492 2304 ἔργα
1508 2251 1710 2300 ἓιαφανίις·

441 2320 477 2358 p.
493 2320 581 2358 544,
591 2319 629 2344 V.
642 2319 683 2353 7,
695 2309 747 2345 τὰ
756 2310 927 2355 πολέμια,
941 2304 1118 2356 ἄλκιμος.
1132 2305 1356 2358 Thucydid.
1367 2304 1440 2354 IV,
1452 2319 1484 2346 c.
1505 2319 1517 2343 ι
1528 2307 1592 2352 26,
1603 2305 1713 2359 ἀγα.-

438 2359 518 2399 Ξῖοῖς
539 2362 621 2411 ’γᾶς
642 2357 733 2399 εἶναι
753 2357 836 2409 ὑμῖν
861 2359 1037 2411 προσήκει
1054 2362 1108 2398 τὰ
1136 2362 1316 2410 πολέμιαι.
1341 2359 1476 2399 Utitur
1502 2370 1630 2399 autem
1653 2360 1710 2400 llis
1740 2387 1742 2390 -

439 2413 599 2452 Luciani
612 2415 740 2453 verbis
754 2413 996 2466 praestantiff.
1015 2414 1214 2460 Dukerus,
1230 2413 1448 2454 existimans
1462 2412 1630 2453 similiter
1643 2426 1710 2454 ac-

439 2468 647 2520 cipiendam
664 2467 738 2507 effe
753 2468 999 2519 Thucydidis
1011 2468 1159 2520 phrasin
1173 2467 1262 2508 τοὺς
1275 2470 1462 2516 ’πολέμους
1478 2467 1651 2518 ἓιέφερον,
1662 2468 1708 2508 ad

437 2521 496 2562 VI
510 2552 520 2571 ,
542 2534 574 2561 c.
594 2537 653 2576 54.
672 2523 766 2562 Non
780 2523 938 2562 moleste
961 2522 1055 2563 feret
1069 2521 1452 2584 virliumaniffimus,
1475 2521 1501 2561 si
1517 2521 1706 2564 diffentire
1740 2540 1741 2543 ¹
