1748 3420
438 214 528 276 458
633 212 1497 262 ANNOTATIONES

434 301 548 352 logus
555 298 628 339 effe
637 300 830 339 contraria
839 312 971 340 monet
981 296 1213 340 ὑποκαθεῖναι
1225 303 1266 342 &
1275 302 1480 342 ἀντιτείνειν
1489 305 1561 344 τὰς
1574 301 1691 355 ὀφρῦς.
1741 311 1748 354 ,ἴ

435 355 526 393 Hoc
541 352 594 392 est
606 353 696 392 illud
710 353 904 393 Ammiani
919 355 963 393 de
978 367 1067 407 rege
1081 355 1373 395 Chnodomario
1385 357 1538 405 XVI,c.
1561 371 1574 395 1
1584 373 1622 403 2,
1633 374 1694 396 ar·
1746 365 1748 385 l

436 411 506 445 dua
515 407 691 460 fizbrt'gens
693 408 875 461 supercilia
886 424 902 456 ,-
922 408 961 448 δι
974 421 1011 461 p.
1029 421 1117 461 143,
1136 409 1243 447 elatus
1257 409 1292 447 in
1303 413 1444 449 arduum
1457 410 1687 464 supercilium.
1746 416 1748 424 ⁴

437 461 602 500 Hzmsr.
922 492 923 495 η
1738 502 1741 510 ,

491 518 564 554 ead.
575 516 599 554 l.
614 528 628 553 1
640 528 672 553 1.
683 514 875 568 Ἐπιῖριιεν)
887 514 989 554 Vide
1005 515 1050 554 B.
1069 530 1131 566 πρ.
1148 528 1229 568 cap.
1247 529 1287 566 7,
1310 514 1357 554 ὣς
1371 514 1494 569 stipite
1511 519 1555 556 τὶ
1573 515 1695 570 ξύλον.

436 566 595 607 SOLAN.

492 626 565 661 ead.
578 623 603 662 l.
622 635 635 659 ι
644 637 678 670 4.
693 620 790 660 “svb
798 622 943 675 μάλης)
958 621 1159 674 Quidquid
1170 622 1266 663 clam
1283 623 1322 662 &
1333 623 1500 671 occulte,
1513 636 1591 663 non
1603 637 1695 676 pro·
1747 647 1748 654 κ

438 676 572 727 patulo
583 706 594 722 ,
608 677 672 715 vel
684 675 727 714 fit
740 706 751 724 ‚
766 676 829 715 vel
845 676 1020 727 gestatur,
1039 674 1105 714 sub
1120 676 1179 715 ala
1192 676 1401 728 proverbio
1416 678 1527 716 etiam
1542 676 1623 717 fieri
1637 679 1691 717 di·
1747 687 1748 700 ³

438 730 536 768 citur
548 742 557 768 ;
579 743 660 782 quo
671 730 758 769 usus
769 728 822 768 est
833 728 1033 769 Demosth.
1044 741 1180 768 contra
1189 729 1344 780 Aphob.
1369 729 1585 783 Ψευδομαρ.
1602 728 1694 785 Οὖχ

438 779 508 830 εἷς,
531 779 616 822 οὐδὲ
633 783 700 822 sim
715 781 829 821 ταῦτ’
844 784 980 831 ἴσασιν,
995 778 1072 821 οὐδ’
1091 779 1164 820 ὑπὸ
1180 784 1309 832 μάλης
1326 782 1343 824 ἦ
1358 784 1558 835 πρόκλησις
1569 788 1695 838 γέγο-

439 851 506 884 νεν,
528 837 619 876 ἀλλ’
634 840 668 877 ἐν
687 835 734 886 τῇ
748 835 871 888 ἀγορᾷ
886 837 978 885 μέσῃ
995 837 1146 876 πολλῶν
1159 836 1360 889 παρόντων·
1378 853 1445 876 non
1462 853 1550 876 unus
1562 867 1574 885 ,
1593 853 1694 891 neque

439 893 506 929 duo
520 890 581 942 isla
595 903 730 938 norunt,
750 906 851 943 neque
855 891 922 941 ffib
936 891 1008 937 ala,
1019 903 1058 928 ut
1070 891 1180 937 aiunt,
1189 891 1383 941 provocatio
1389 890 1486 942 fizfla
1499 893 1542 944 est
1550 906 1567 938 ;
1581 891 1692 942 sedin

439 946 545 982 medio
558 943 660 994 foro,
687 944 803 983 multis
819 943 1059 996 praesentibus.
1078 943 1135 982 Ita
1149 945 1282 984 dicitur
1295 944 1382 983 alibi
1403 945 1451 982 ab
1467 945 1602 984 eodem
1615 945 1693 984 Lu-

438 998 554 1036 ciano
565 995 636 1037 ὑπὶι
652 997 977 1049 κόλπου,[ιιὸβηιι.
1002 998 1145 1038 COGN.
1161 997 1336 1037 Erasmus
1348 999 1385 1036 in
1398 998 1576 1052 Adagio,
1595 999 1695 1049 Quae

432 1050 502 1101 sub
520 1052 587 1089 alis
595 1052 713 1101 fiunt,
726 1052 979 1091 incredibilem
993 1050 1105 1090 huius
1117 1051 1292 1103 phraseos
1305 1052 1596 1103 explicationem
1611 1062 1695 1091 tan·

439 1115 560 1156 toque
576 1106 662 1144 viro
679 1106 870 1157 indignam
888 1105 1037 1150 attulit,
1062 1105 1144 1144 iure
1158 1106 1298 1144 merito
1317 1116 1518 1158 propterea
1538 1104 1698 1158 castiga-

438 1169 503 1196 tus
524 1159 571 1196 ab
594 1160 645 1197 H.
660 1158 854 1211 Stephano
877 1159 915 1197 in
936 1158 1066 1198 Anim.
1090 1159 1200 1198 cuius
1220 1171 1361 1212 operae
1384 1158 1596 1211 praeclarae
1615 1171 1697 1199 non

440 1212 662 1251 meminerat
679 1213 729 1251 H.
745 1211 917 1252 Valesius
930 1243 941 1261 ‚
954 1225 1042 1252 cum
1055 1212 1100 1250 ad
1115 1211 1243 1251 Amm.
1257 1213 1464 1252 Marcellin.
1482 1212 1640 1258 XXVI,
1655 1227 1694 1265 p.
1746 1209 1748 1216 ⁴

444 1278 485 1314 51
496 1280 533 1310 2,
551 1265 676 1305 iisdem
688 1295 700 1310 ‚
721 1266 860 1318 quibus
873 1266 1105 1319 Stephanus,
1125 1267 1307 1318 exemplis
1323 1265 1424 1312 usus,
1439 1265 1610 1306 Graecos
1620 1262 1698 1304 ὑπὶι

438 1318 568 1366 μάλης
576 1322 612 1358 de
622 1336 655 1359 re
661 1319 798 1370 ficrtiva
816 1320 852 1358 δ’
862 1320 991 1358 occulta
995 1319 1102 1371 solere
1114 1320 1217 1360 dicere
1229 1319 1421 1360 observat.
1452 1320 1489 1358 N
1491 1331 1537 1360 os
1547 1320 1639 1359 alias
1649 1320 1696 1360 ad

440 1372 634 1412 Thomam
650 1374 875 1425 Magistrum
890 1374 1011 1427 plura.
1036 1375 1199 1412 HEMST.

495 1427 530 1465 in
544 1428 740 1477 Schol.col.
765 1442 798 1466 2.
822 1428 845 1466 l.
866 1442 898 1466 1.
917 1426 1074 1467 Πάντας
1090 1427 1272 1480 μιαίνειν)
1293 1429 1340 1465 Tb
1364 1429 1521 1467 πάντας
1545 1427 1697 1467 omium

441 1479 536 1519 Exc.
556 1480 605 1521 G.
623 1479 678 1529 τξὲ
687 1497 731 1520 π.
749 1495 784 1519 o.
800 1483 850 1521 V.
870 1481 933 1520 De
947 1494 1048 1521 voce
1068 1482 1215 1520 σιαίνειν
1231 1482 1317 1521 vide
1338 1481 1464 1522 Schol.
1479 1482 1524 1520 ad
1535 1481 1640 1522 Tim.
1657 1495 1694 1534 p.

442 1534 504 1584 78.
518 1535 675 1574 Sor-AN.
700 1535 808 1575 Haec
819 1535 880 1574 vel
893 1535 1133 1576 Scholiorum
1146 1535 1350 1588 descriptor
1373 1536 1436 1575 vel
1459 1535 1629 1574 Clericus
1647 1535 1698 1574 ita

442 1589 760 1635 concinnaverat,
772 1600 816 1629 ut
831 1589 996 1642 aliquem
1011 1590 1149 1629 habere
1159 1589 1302 1629 sensum
1315 1590 1553 1629 viderentur:
1573 1601 1699 1642 neque

441 1653 566 1681 tamen
580 1656 629 1683 eo
645 1644 776 1695 magis,
791 1644 880 1695 quid
901 1645 976 1683 huc
988 1642 1141 1687 faciant,
1154 1643 1347 1696 intelligas.
1367 1642 1578 1683 persuadeo
1591 1643 1699 1690 mihi,

442 1695 592 1735 σιαίνειν
602 1697 765 1736 verbum
780 1697 1004 1736 recentioris
1016 1696 1088 1736 effe
1095 1697 1338 1745 Graecitatis,
1351 1697 1460 1749 quoti
1470 1706 1699 1749 corruptum

442 1761 491 1788 ex
505 1751 714 1803 σικχοιίνειν
736 1750 1102 1804 significetfizstidium
1123 1767 1249 1797 creare,
1269 1751 1381 1804 quale
1405 1750 1498 1790 solet
1520 1750 1619 1790 odor
1639 1750 1698 1788 in-

444 1815 572 1854 gratus
593 1817 637 1844 ac
661 1814 801 1852 taeter3
825 1818 862 1843 at
877 1804 1043 1858 fizstidire‚
1059 1804 1208 1856 aversari
1231 1805 1452 1843 ‹mim-521.
1473 1803 1612 1856 Cyrilli
1633 1803 1699 1844 Gl.

445 1859 655 1908 Σιαίνσμοιι,
673 1861 745 1896 ledo
755 1858 903 1912 (taedeo)
915 1858 1242 1912 Eeoevrt‘oe,fizstidia.
1256 1861 1428 1904 Σιειντὶις,
1441 1857 1700 1897 taeter.1isdem

443 1910 524 1949 fere
543 1912 708 1951 vocibus
723 1914 842 1951 utitur
860 1914 905 1952 ad
925 1913 1198 1963 σικχοιίνεσὲιειι
1214 1911 1367 1964 eiusque
1392 1912 1562 1951 derivata
1577 1911 1700 1962 expli-

444 1965 574 2004 canda.
595 1965 750 2005 Fallitur
766 1966 936 2018 Cangius
956 1966 1018 2006 Gl.
1036 1967 1090 2005 M.
1103 1966 1143 2005 &
1160 1966 1188 2005 Ι.
1211 1966 1280 2006 Gr.
1299 1966 1335 2004 in
1351 1966 1507 2004 Σιέινειν·
1525 1978 1610 2004 nam
1630 1965 1701 2004 Ni-

444 2019 602 2070 cephori
622 2020 660 2058 δι
673 2019 824 2059 loannis
840 2019 987 2060 Moschi
1003 2019 1154 2059 σιεινθεὶς
1168 2033 1246 2060 non
1261 2019 1411 2058 aliunde
1429 2019 1539 2058 debet
1550 2049 1561 2066 ,
1583 2031 1700 2070 quam

446 2072 494 2110 ab
506 2072 581 2113 hoc
593 2072 676 2126 ipso
692 2073 1067 2126 ctoeivwimt,repeti:
1091 2074 1246 2127 utrique
1261 2074 1350 2112 loco
1366 2072 1530 2125 potestas
1542 2072 1699 2126 affigna-

443 2134 483 2164 ta
499 2126 608 2178 plane
625 2129 828 2167 convenit:
844 2129 962 2168 aliena
977 2128 1030 2168 est
1042 2157 1054 2173 ,
1069 2141 1184 2181 quam
1202 2128 1263 2168 ille
1282 2127 1399 2171 dedit,
1412 2127 1675 2180 interpretatio
1689 2154 1699 2172 ,

446 2192 585 2229 captata
599 2182 702 2220 animi
711 2182 922 2235 aequalitate.
945 2182 1160 2221 Videndum
1175 2194 1270 2233 ergo
1281 2210 1292 2229 ,
1314 2193 1360 2220 an
1376 2181 1413 2219 in
1429 2181 1558 2220 Schol.
1568 2180 1701 2220 nostro

446 2234 492 2272 atl
508 2234 609 2274 Tim.
623 2249 656 2285 p.
671 2235 735 2284 78,
751 2236 893 2276 restitui
908 2236 1112 2275 commode
1126 2234 1237 2289 poffit
1248 2266 1260 2282 ,
1274 2235 1351 2273 ἀπὺ
1368 2232 1436 2272 τοῦ
1449 2235 1525 2273 Δία,
1541 2235 1702 2281 minan,

447 2299 604 2340 propter
624 2289 724 2328 illam
738 2290 983 2342 στυγνότητα
996 2291 1174 2329 nimirum
1189 2287 1392 2342 vultusque
1407 2288 1588 2328 tristitiam
1601 2318 1610 2333 ,
1624 2300 1702 2341 qua

447 2340 580 2380 festum
600 2342 691 2382 illud
703 2341 846 2382 Διάσια
860 2344 1082 2383 celebratur.
1103 2345 1178 2383 Hic
1201 2355 1326 2382 autem
1350 2342 1524 2382 voluitne
1551 2341 1705 2382 dicere?

448 2397 605 2447 κινάβριι
621 2397 751 2448 proprie
764 2398 926 2437 hircorum
944 2397 1077 2449 foetor:
1096 2410 1263 2451 praeterea
1273 2409 1371 2436 notat
1389 2397 1537 2449 quemvis
1557 2409 1700 2435 taetrum

448 2454 577 2490 odorem
587 2481 600 2498 ,
619 2466 655 2489 eo
669 2453 760 2503 quod
769 2453 921 2491 omnibus
931 2451 1106 2504 Ῐᾷβὶᾱίαιη
1127 2452 1263 2499 excitet,
1285 2451 1363 2490 five
1379 2449 1482 2490 malis
1493 2481 1502 2497 ,
1515 2449 1700 2501 omnesfiz-

442 2505 603 2561 stidimr:
619 2517 667 2544 an
680 2505 806 2558 potius
817 2519 936 2561 parva
949 2506 1162 2547 mutatione
1176 2506 1250 2559 legi
1262 2504 1442 2560 praestat?
1459 2504 1566 2560 λέγει
1580 2503 1701 2544 δυσω-
