1748 3420
129 224 206 268 IN
241 219 642 268 DIALoGos
677 218 1179 266 MORTUORUM.
1213 233 1310 282 427

0 332 1 357 ;
50 308 163 348 dicas.
178 309 214 348 Si
224 309 320 347 haec
335 321 412 347 non
428 309 563 360 placet,
579 308 688 346 aliam
704 307 835 346 addam
848 305 1123 345 coniefturam:
1138 303 1311 350 ὑποσμὺ-

51 376 196 414 χομειι,
208 362 262 400 uti
277 374 323 400 ex
338 362 449 400 Suida
464 360 709 411 &Hesychio
725 361 854 399 videre
868 359 934 406 est,
950 360 1206 411 metaphorice
1218 374 1311 397 urere

10 411 24 447 ·'v
51 414 117 453 est.
139 415 256 465 Apud
269 416 498 453 Simonidem
522 414 660 465 σμύχω
680 417 718 451 de
736 427 874 465 tempore
893 413 1044 457 dicitur,
1062 412 1165 464 quod
1180 412 1310 451 omnia

52 467 221 506 absumit.
235 467 348 506 Grot.
368 482 452 519 143.
472 468 512 506 &
533 469 632 518 apud
653 467 851 506 Theocrit.
870 466 914 504 de
929 466 1075 504 Amore
1095 465 1123 502 F
1127 466 1197 503 lor.
1221 466 1311 516 269.

51 521 138 560 Vid.
152 521 227 559 Od.
243 526 281 566 Γ,
299 535 382 573 195·
400 528 448 566 Δ,
461 522 551 568 672,
565 519 835 581 {vrso-(Luyspibc.
850 518 887 558 Si
904 520 1029 571 itaque
1043 518 1118 557 levi
1133 519 1313 556 mutatio-

35 611 39 614 Δ
51 586 100 612 ne
111 574 207 613 velis
220 570 510 624 ὑποσμυγέντες
521 586 592 625 pro
606 587 714 611 ‹mr—
728 571 966 618 substituere,
979 573 1121 624 optime
1133 571 1182 610 fic
1193 572 1312 610 etiam

53 625 178 665 sensus
193 626 228 665 se
246 627 417 673 habebit,
443 638 508 665 aut
526 626 654 665 saltem
670 624 754 664 satis
777 625 991 664 commode.
1017 626 1056 664 Si
1075 625 1161 675 quis
1183 637 1314 669 nunc,

52 681 143 732 quid
157 680 323 717 sentiam.
353 692 484 731 rogen
498 680 629 718 dicam.
646 679 772 718 Primo
783 679 1148 730 καταγελασδέντες
1163 690 1312 716 merum

55 732 234 784 gloffema
255 734 344 770 mihi
360 734 522 781 videtur,
536 734 574 771 in
591 742 739 771 textum
753 733 802 770 ab
821 733 862 770 iis
875 733 1020 770 illatum
1033 761 1045 776 ‚
1064 731 1131 783 qui
1144 731 1312 769 verbum

55 787 226 831 Luciani,
238 787 508 838 qualecunque
522 786 670 825 tandem
683 785 810 833 fuerit,
821 797 862 824 ut
877 784 945 823 fibi
958 784 1191 835 incognitum
1201 796 1316 834 repu-

54 840 219 878 diabant.
228 839 419 885 Secundo,
430 841 621 891 emungendi
635 839 726 877 mihi
740 838 879 886 sensus,
888 838 992 891 quod
1005 838 1044 877 δι
1060 835 1238 890 glossema
1251 838 1315 875 ad-

57 893 187 940 mittit,
212 892 424 945 perplacet:
450 904 564 944 atque
577 893 687 937 adeo,
709 903 776 931 aut
786 890 1315 944 dev-rocuv‘ye‘v‘rermtlegitur,

56 957 137 994 aut,
158 945 185 984 st
199 959 265 997 per
279 945 561 985 Grammaticos
574 959 653 985 non
667 945 789 993 liceat,
805 944 1071 997 ἀπομυγέντες
1085 944 1245 982 omnino
1259 943 1316 981 le-

58 1000 222 1051 gendum
238 1011 380 1051 putem.
396 1000 551 1039 SOLAN.
565 999 890 1051 Ἀποο-μυγέντες)
905 998 1075 1037 Pluribus
1086 997 1123 1035 in
1134 996 1235 1035 libris
1250 1009 1317 1035 ex·

54 1053 126 1091 ssat
139 1053 249 1092 huius
263 1054 347 1092 vice
368 1054 754 1103 καταγελασῧὲντες,
771 1051 1011 1091 certiffimum
1036 1052 1225 1103 genuinae
1243 1062 1316 1089 vo-

55 1108 107 1146 cis
120 1135 130 1152 ‚
146 1105 422 1158 qualiscunque
437 1120 457 1144 a
473 1107 643 1145 Luciano
659 1105 770 1144 fuerit
783 1104 975 1158 profecta,
999 1105 1313 1155 interpretamen-

55 1171 161 1206 tum3
182 1172 259 1212 qua
276 1161 320 1197 de
334 1173 373 1197 re
389 1161 662 1210 dubitationem
683 1172 837 1198 omnem
859 1159 958 1198 tollit
978 1157 1199 1197 Scholiastes
1214 1156 1318 1196 Vos-

56 1212 198 1252 fianus.
226 1212 306 1251 Nisi
323 1214 493 1252 animum
518 1213 604 1252 alibi
623 1211 951 1265 praestantiffimus
961 1212 1150 1252 Graevius
1170 1209 1319 1250 habuis-

55 1265 110 1306 set
126 1277 357 1318 occupatum
368 1297 378 1313 ,
396 1280 472 1319 qua
487 1277 568 1306 erat
587 1267 726 1317 ingenii
742 1265 992 1319 perspicacia,
1007 1278 1077 1317 pro
1089 1265 1238 1304 Iunone
1251 1278 1319 1303 ne-

56 1319 184 1359 bulam
206 1319 383 1371 ampleffl
402 1319 603 1372 refugiflet.
635 1319 808 1371 Quando
825 1331 953 1358 autem
966 1319 1075 1358 valde
1090 1319 1228 1357 durum
1241 1348 1251 1365 ‚
1276 1319 1321 1358 δε

56 1373 164 1426 quod
172 1373 241 1412 vix
251 1374 339 1412 alibi
351 1375 530 1427 reperias,
543 1374 618 1413 hoc
630 1373 791 1412 verbum
806 1374 1038 1425 pronuntiat,
1052 1373 1088 1411 id
1100 1385 1148 1411 eo
1159 1372 1318 1423 quidem

57 1428 179 1478 magis
197 1426 250 1465 est
267 1427 580 1467 considerandum
595 1457 608 1473 ‚
630 1427 722 1479 quia
741 1427 782 1465 in
797 1427 969 1466 Luciano
988 1437 1090 1465 certe
1106 1427 1320 1477 nusquam,

57 1480 88 1519 fi
101 1481 293 1531 exceperis
307 1481 409 1521 hunc
423 1481 572 1527 locum,
592 1480 770 1520 occurrit.
794 1481 844 1519 H.
859 1481 1091 1532 Stephanum
1118 1479 1220 1518 nulla
1234 1480 1320 1518 vitii

59 1534 184 1585 tetigit
207 1533 387 1586 suspicio,
410 1547 453 1573 ut
472 1535 539 1587 qui
560 1535 873 1585 explicationem,
893 1547 1053 1586 eamque
1072 1545 1152 1572 non
1177 1545 1292 1572 unam
1307 1563 1320 1580 ,

61 1588 212 1627 tentarit
223 1587 335 1627 Thes.
349 1588 397 1627 T.
413 1588 466 1626 ΠΙ
477 1619 489 1633 ,
501 1601 585 1640 pag.
602 1588 690 1638 891.
705 1587 797 1626 Eius
812 1586 993 1626 sententia
1005 1617 1017 1633 ,
1037 1587 1111 1627 hoc
1125 1587 1162 1624 in
1178 1599 1318 1638 genere

59 1642 245 1680 momenti
261 1654 339 1680 non
354 1643 570 1688 mediocris,
586 1642 625 1679 in
641 1642 807 1679 medium
823 1640 985 1693 proferri
999 1652 1184 1680 meretur:
1208 1640 1320 1678 Ἀπο-

62 1694 220 1748 σμὺχω,
242 1694 400 1740 Deuro,
424 1696 505 1748 igni
523 1695 697 1734 absumo.
717 1696 946 1747 Metaplzorice
963 1695 1069 1734 utitur
1086 1694 1260 1732 Lucianus
1282 1694 1319 1732 in

61 1749 144 1787 dial.
165 1751 196 1787 T
194 1748 277 1799 erps.
299 1750 333 1787 c}
349 1749 447 1788 Plut.
472 1745 689 1799 ὑποπρίουσι
708 1748 793 1787 τοὺς
818 1748 973 1787 ὀδόντας
999 1746 1320 1800 ἀποσμυγέντες,

60 1815 150 1841 cum
169 1801 325 1845 stridore
345 1803 515 1842 dentium
535 1801 748 1841 infrendent
760 1833 771 1845 ,
788 1801 829 1840 &
844 1815 933 1854 prae
951 1801 1086 1841 dolore
1100 1799 1321 1849 ardescunt,

57 1855 121 1907 Ji’u
144 1855 404 1895 exardescunt.
422 1857 504 1908 Nisi
521 1856 620 1895 malis
638 1846 945 1903 extabescentes,
966 1855 1147 1895 macerati
1167 1854 1207 1893 &
1227 1867 1323 1894 con-

63 1908 152 1949 {effi
168 1909 320 1949 dolore:
345 1926 424 1948 nam
443 1909 762 1961 σμὺχωβςηὶᾔεαι
772 1925 839 1947 non
846 1909 960 1960 fhlum
972 1909 1077 1955 κοιίω,
1096 1923 1210 1947 verum
1220 1909 1320 1946 etiam

62 1977 240 2015 μαραινω.
269 1964 377 2003 Haec
400 1963 483 2002 ille:
512 1963 572 2002 sed
593 1973 796 2014 antequam
817 1962 1007 2016 explorati
1031 1962 1120 2014 quid
1144 1960 1323 2002 constitui

63 2016 198 2070 poffit,
209 2017 407 2056 enodanda
422 2016 530 2058 venit
544 2016 661 2068 paulo
674 2016 891 2068 diligentius
909 2027 1047 2054 natura
1060 2015 1167 2055 verbi
1182 2015 1221 2054 δι
1235 2028 1323 2067 pro-

66 2071 149 2123 pria
166 2069 399 2122 significandi
414 2071 494 2110 dos.
504 2070 613 2108 Illam
627 2083 777 2108 veteres
795 2069 1005 2122 posuerunt
1019 2082 1100 2108 non
1113 2070 1151 2107 in
1164 2069 1251 2120 igne
1262 2068 1326 2107 lu·

65 2124 244 2169 culemo,
263 2126 331 2176 qui
354 2125 432 2164 late
450 2124 640 2163 flammam
666 2123 911 2176 conspicuam
927 2123 1101 2176 spargat,
1122 2122 1232 2161 sedin
1253 2134 1326 2170 eo,

65 2178 135 2229 qui
150 2179 269 2216 caecis
288 2179 387 2216 intra
405 2177 546 2216 viscera
567 2190 777 2229 corporum
795 2177 980 2216 alimentis
1002 2177 1166 2216 nutritus
1188 2175 1324 2214 sensim

69 2232 181 2283 serpit
196 2233 371 2282 proxima
387 2232 594 2282 corripi-ens
606 2259 616 2276 ‚
641 2229 830 2283 fumoque
846 2230 882 2269 se
897 2243 1044 2270 tantum
1066 2230 1200 2283 prodit.
1218 2229 1324 2268 Idem

67 2298 188 2336 paene
203 2286 360 2324 verbum
373 2286 412 2324 &
424 2284 690 2337 pronuntiandi
705 2285 836 2331 modo,
850 2284 890 2323 δι
902 2284 1176 2337 significatione
1186 2283 1326 2336 Belgae

67 2337 275 2378 servamus.
300 2339 407 2379 Licet
421 2340 616 2378 Homerus
631 2338 930 2391 aliquantulum,
957 2348 1090 2389 utpote
1107 2339 1244 2390 poeta,
1270 2337 1326 2376 le-

68 2405 154 2444 gem
171 2404 255 2430 eam
268 2393 470 2445 migaverit
484 2392 523 2430 ll.
540 2391 580 2440 Ι,
592 2392 683 2444 649,
701 2415 745 2422 -
763 2392 867 2431 κατὰ
886 2406 930 2429 τε
950 2391 1093 2444 σμῦξαι
1106 2391 1191 2442 πυρὶ
1215 2388 1323 2436 νῆας,

67 2448 148 2483 vim
162 2456 288 2485 tamen
300 2447 469 2486 nativam
489 2444 589 2484 reete
603 2445 825 2485 Scholiastes
846 2445 1008 2484 declarat
1018 2475 1031 2491 ‚
1051 2458 1098 2483 ex
1111 2457 1238 2496 eoque
1252 2443 1326 2482 Eu-

69 2498 174 2539 stath.
188 2512 273 2553 pag.
283 2500 374 2554 781:
394 2500 494 2540 ’Eo-ti
508 2499 552 2538 δὲ
576 2498 718 2553 σμύξοιι
736 2502 777 2538 τὸ
794 2497 953 2549 καῦσαι,
969 2499 986 2540 ἦ
1003 2500 1145 2540 καπνὶν
1159 2499 1200 2539 ἐκ
1212 2499 1327 2547 'stupis
