1748 3420
441 209 534 273 (με
640 203 1509 251 ΛΝΝωΤΑΤΙοΝΕε

442 291 469 329 ti
487 285 620 340 potest.
637 285 745 325 Prius
757 285 916 339 exponit
930 283 1157 336 Apollodor.
1170 284 1188 324 Ι
1200 316 1211 333 ,
1227 299 1262 337 p.
1279 299 1342 333 27,
1357 286 1453 325 inter
1465 285 1580 326 Aeoli
1598 286 1639 327 δι
1651 286 1702 326 E·
1740 303 1741 307 ¹

443 350 594 379 naretes
606 338 706 378 filios
718 339 902 378 perierem
917 337 1123 378 recensens.
1142 339 1198 377 Ex
1215 337 1285 379 isto
1299 339 1444 379 Periere
1456 370 1465 386 ‚
1481 341 1545 393 qui
1558 339 1703 380 Messe-⁴

442 407 531 433 nem
552 393 745 438 obtinuit,
764 393 804 430 &
827 391 1101 444 Gorgophona
1120 390 1240 430 Persei
1262 391 1341 431 filia
1361 405 1471 433 natus
1493 392 1546 433 est
1562 392 1704 434 Icarius

442 460 531 486 cum
547 445 725 485 fratribus
739 445 924 497 Aphareo
938 475 949 491 ,
968 445 1163 498 Leucippo
1176 445 1216 484 &
1230 445 1443 496 Tyndareo
1460 461 1495 499 p.
1515 461 1577 499 43.
1592 458 1704 486 notat

442 499 517 546 ibi,
537 499 680 539 multos
694 512 773 539 non
787 499 902 538 Aeoli
918 497 1039 538 facere
1055 497 1174 538 filium
1187 498 1387 548 Perierem‚
1401 499 1462 538 sed
1475 499 1703 551 Cynortae;

442 554 588 604 ὃιόπες,
602 553 727 604 inquit
740 583 753 599 ,
770 554 824 590 τὰ
837 553 920 603 περὶ
936 552 1006 590 ’τῶν
1023 549 1213 604 Περιήρους
1224 552 1378 605 ἐκγόνων
1391 553 1424 591 ἐν
1436 552 1488 602 τῷ
1504 555 1705 596 Ἀ’τλεινί-ιυ4

441 606 497 656 a&
512 610 619 660 ’γένει
641 607 870 656 §umbo-oya.
894 606 1078 645 Praestitit
1093 605 1206 644 fidem
1222 606 1286 645 lib.
1305 605 1383 652 111,
1403 620 1437 658 p.
1456 616 1704 652 211,totam-

443 674 521 714 que
543 661 665 713 gentis
687 659 816 700 seriem
834 660 882 698 ab
904 659 1084 705 Atlante,
1103 659 1165 698 vel
1181 659 1359 712 Taygete
1378 659 1542 699 Atlantis
1563 659 1639 699 filia
1661 661 1706 701 δι

441 713 541 754 love
554 714 720 753 deduxit.
739 715 889 752 Verum
911 714 958 751 ab
978 714 1042 759 iis,
1064 726 1162 765 quae
1178 727 1212 765 p.
1234 726 1306 764 215
1324 712 1550 759 scribuntur,
1565 714 1640 753 Εἰσὶ
1655 714 1705 752 st

444 768 478 806 οἱ
497 769 677 821 λέγοντες
693 767 851 818 Ἀφαρέα
864 765 936 816 μὲν
950 766 1014 805 καὶ
1027 765 1238 805 Λεύκιππον
1259 766 1299 804 ἐκ,
1313 764 1498 818 Περιήρους
1511 768 1704 819 ’γενέσθαι

443 820 512 860 τοῦ
524 825 668 860 Αιολου.
681 820 858 871 Κυνόρτου
871 819 916 858 ςΡὲ
934 817 1116 872 Περιήρην·
1132 818 1247 859 τοῦδε
1259 849 1269 865 ,
1287 820 1460 865 Οἴβαλον·
1475 820 1638 865 Οἰβάλου
1657 820 1705 859 δὲ

446 876 511 914 καὶ
526 875 662 915 Nm'sos
684 874 819 924 νύμφης
833 873 995 912 Βατείας
1014 872 1238 925 Τυνδάρεων,
1252 872 1505 912 Ἱπποκόωντα.
1516 903 1529 919 ,
1548 873 1706 925 Ἰκαρίω-

442 945 504 974 νει,
522 941 757 981 quamquam
772 928 960 967 neminem
975 926 1036 966 illa
1051 926 1214 980 suspicio
1229 926 1409 978 tetigerit,
1427 939 1474 966 ne
1488 927 1703 967 Meursxum

444 983 597 1041 quidem
620 983 659 1020 in
684 981 807 1033 Regu.
830 981 971 1020 Lacon.
990 993 1024 1019 c.
1048 980 1129 1027 111,
1147 981 1195 1020 ab
1219 981 1262 1019 iis
1273 1011 1284 1027 ,
1302 982 1480 1033 inquam,
1504 981 1704 1021 recidenda
1745 1027 1748 1033 Ι

444 1040 552 1081 ium,
572 1035 639 1074 nist
652 1035 762 1088 plane
773 1033 899 1081 fallor,
912 1031 1090 1086 Περιήρην,
1102 1033 1227 1073 τοῦδε·
1241 1033 1394 1072 inseruit
1408 1034 1544 1086 aliquis
1556 1065 1568 1080 ‚
1587 1048 1704 1087 quem

444 1090 635 1139 diligentia
653 1101 788 1141 parum
805 1087 893 1127 felix
915 1088 1079 1140 decepit,
1100 1101 1149 1127 ex
1170 1087 1507 1140 praecedentibus,
1527 1088 1595 1127 ubi
1617 1087 1707 1128 sane

442 1141 616 1194 Κυνόρτου
629 1141 673 1180 δὲ
686 1141 869 1194 Περιήρης·
882 1140 942 1180 sed
957 1141 1161 1180 meminiffe
1175 1142 1381 1188 debuerat,
1403 1140 1587 1180 diversam
1610 1142 1717 1181 alio--

443 1208 532 1235 rum
548 1196 589 1235 in
614 1195 798 1235 hocloco
816 1195 1114 1235 commemorari
1136 1194 1378 1243 sententiam,
1397 1196 1466 1247 qui
1479 1194 1705 1248 Aphareum

444 1250 486 1289 δι
503 1249 741 1302 Leucippum
763 1248 909 1288 Periere
929 1260 1043 1288 natos
1066 1247 1139 1288 esse
1158 1249 1273 1288 Aeoli
1292 1247 1373 1288 filio
1394 1247 1625 1288 referebant:
1648 1249 1724 1302 his*

443 1312 548 1342 certe
567 1303 786 1343 auftoribus
799 1301 863 1353 Cy
870 1312 1001 1341 nortae
1014 1315 1094 1342 non
1109 1302 1274 1342 Perieres
1284 1333 1296 1351 ,
1314 1302 1376 1341 sed
1388 1301 1563 1342 Oebalus
1580 1300 1652 1342 fuit
1665 1301 1709 1341 fi-

445 1356 542 1404 lius3
560 1357 690 1408 itaque
701 1355 805 1395 Paus.
818 1356 886 1403 111,
904 1370 937 1409 p.
950 1370 1039 1409 203,
1054 1369 1142 1404 204.
1159 1368 1285 1409 neque
1304 1356 1443 1396 mirum
1453 1371 1466 1404 3
1485 1357 1627 1410 quippe
1638 1356 1707 1408 qui

444 1409 557 1450 fimul
568 1412 733 1458 tradant,
745 1410 902 1449 eandem
915 1409 1098 1462 utrosque
1108 1409 1406 1463 Gorgophonen
1425 1410 1591 1450 habuiffe
1609 1423 1709 1450 uxo-

441 1477 549 1511 rem,
572 1463 664 1504 teste
680 1463 835 1504 Pausan.
850 1464 924 1510 lv,
944 1478 980 1517 p.
1003 1464 1090 1516 283.
1105 1465 1205 1503 unde
1217 1465 1290 1502 iam
1305 1464 1456 1517 planius
1471 1464 1708 1516 intelligitur,

446 1519 552 1570 quod
564 1519 619 1557 ait
631 1532 666 1571 p.
681 1532 771 1566 204,
790 1513 881 1558 εἶναί
894 1532 936 1557 τε
949 1516 1107 1570 Ἀφέιρεα
1120 1521 1180 1557 τον
1193 1513 1378 1570 Περιήρους
1391 1517 1554 1567 ἀθελφὶιν
1565 1517 1708 1557 Τυνδά-

443 1587 509 1624 ρεω
529 1575 619 1624 πρὸς
641 1571 792 1624 μητρός.
813 1572 898 1611 Hac
919 1572 965 1610 de
988 1584 1030 1610 re
1054 1570 1360 1624 scriptorumque
1377 1570 1520 1611 diffidio
1541 1584 1710 1626 compo--¹

445 1626 573 1665 nendo
593 1638 693 1678 quae
707 1636 883 1677 poterant
895 1623 1091 1665 observari
1104 1626 1228 1665 multo
1239 1625 1349 1678 plura
1361 1655 1371 1668 ,
1387 1625 1524 1664 lubens
1540 1637 1708 1678 praeter-

443 1680 572 1719 mitto.
583 1678 727 1719 Icarius
741 1691 835 1732 ergo
846 1678 911 1718 {eu
924 1679 1081 1718 Perieris
1098 1678 1178 1719 sive
1189 1678 1326 1719 Oebali
1339 1677 1440 1718 filius
1452 1679 1490 1717 in
1511 1680 1710 1719 matrimo-

445 1734 515 1774 nio
537 1733 666 1772 habuit
678 1732 742 1773 vel
756 1733 977 1772 nominibus
992 1732 1146 1772 diverfis
1161 1746 1276 1772 unam
1286 1763 1299 1779 ,
1316 1732 1380 1772 vel
1396 1732 1526 1786 plures
1539 1746 1706 1774 uxores:

445 1786 715 1826 Dorodochen
730 1785 920 1826 Orsilochi
933 1818 944 1835 ,
960 1798 1024 1826 aut
1034 1818 1045 1835 ,
1059 1800 1108 1826 ex
1122 1787 1341 1837 Pherecyde
1352 1816 1365 1832 ‚
1379 1786 1618 1826 Asterodiam
1633 1787 1710 1826 Eu·

445 1841 579 1894 rypyli
593 1839 708 1880 filiam
721 1839 788 1894 ipfi
801 1841 921 1893 iungit
938 1840 1064 1880 Schol.
1077 1842 1237 1880 Homer.
1251 1840 1296 1880 ad
1308 1839 1490 1892 Odyffio
1500 1870 1515 1887 ,
1533 1841 1590 1880 16.
1605 1841 1709 1881 Peri-

445 1893 602 1940 boeam,
619 1893 756 1944 νύμφην
769 1899 798 1932 N
801 1893 893 1934 uisa
908 1894 1018 1947 (nihil
1030 1907 1111 1934 erat
1125 1894 1189 1933 ista
1203 1905 1326 1934 aetate
1338 1895 1600 1948 nympharum
1611 1908 1712 1942 con-,

445 1949 572 1988 nubiis
582 1947 820 2000 familiarius)
833 1948 1111 2001 Apollodorus,
1120 1961 1169 1988 ex
1180 1961 1224 1988 ea
1236 1959 1349 1987 natos
1360 1960 1590 1988 enumerans
1600 1950 1709 2002 quin-

446 2015 524 2055 que
543 2001 746 2048 masculos‚
764 2014 882 2040 unam
896 2000 1049 2041 feminei
1063 2001 1173 2041 sexus
1184 2002 1326 2042 Penelo
1355 2014 1423 2042 en:
1439 2002 1613 2043 sororem
1627 2004 1711 2044 eius

445 2055 681 2110 lphthimen,
697 2055 859 2096 Eumelo
871 2067 1028 2109 nuptam
1043 2056 1231 2108 colligunt
1244 2069 1294 2095 ex
1354 2056 1386 2094 d.
1403 2061 1436 2094 Δ
1448 2084 1460 2103 ,
1477 2069 1570 2109 797,
1582 2056 1710 2099 nescio

447 2123 561 2163 quam
575 2109 693 2150 reete:
716 2109 806 2148 mihi
824 2111 977 2162 quidem
988 2111 1087 2149 ratio
1102 2109 1249 2149 constat
1262 2139 1273 2157 ,
1295 2122 1364 2149 cur
1376 2109 1465 2149 olim
1481 2110 1518 2149 in
1529 2111 1710 2152 Homero

447 2165 628 2217 scriptum
642 2162 749 2202 fuisse
761 2162 918 2203 statuam
929 2194 941 2212 ,
961 2163 1119 2204 Ειὸωλον
1132 2163 1277 2212 ποίησε,
1297 2163 1396 2212 Μέέῃ
1411 2161 1448 2200 θ’
1464 2161 1570 2205 ἤικτο
1578 2178 1712 2218 ’γυναι-

448 2219 484 2257 ni
500 2217 628 2269 Ἰφθίμῃ
642 2248 653 2267 ,
672 2216 770 2269 κούρῃ
779 2231 861 2269 με’)
869 2218 1041 2269 αλίιτορος
1054 2218 1231 2270 Ἰκαρίοιο.
1246 2216 1400 2268 Ulyffes
1410 2230 1521 2267 vero,
1534 2220 1600 2272 qui
1611 2219 1709 2259 inter

448 2271 620 2311 Helenae
635 2284 776 2324 procos
787 2283 929 2310 nomen
940 2270 1061 2310 fuerat
1102 2269 1275 2318 rofeffus,
1286 2271 1499 2323 Tyndareo
1514 2274 1652 2312 mirum
1665 2273 1707 2313 in

448 2325 606 2366 modum
623 2325 825 2365 fluetuanti
840 2325 1054 2378 pollicetur,
1069 2286 1259 2379 sinuptias
1277 2324 1484 2378 Penelopes
1497 2325 1564 2366 fibi
1578 2327 1708 2367 conci-

446 2379 530 2425 liet,
549 2379 626 2419 tale
645 2377 682 2419 se
701 2378 898 2419 confilium
917 2379 1140 2430 allaturum,
1163 2380 1269 2433 quod
1291 2390 1437 2418 metum
1453 2379 1536 2420 eius
1548 2392 1706 2421 omnem

449 2445 496 2472 ac
513 2432 786 2473 dubitationem
811 2433 1002 2487 expediat:
1020 2446 1100 2475 rem
1128 2444 1251 2479 totam
1268 2431 1504 2487 persequitur
1521 2433 1706 2488 Apollod-

447 2486 522 2537 111,
537 2501 574 2542 p,
590 2501 679 2540 ²17·
696 2486 858 2528 HEMST.
