1748 3420
429 232 518 279 312
622 210 1496 260 ANNOTATIONES

424 303 457 339 I.
480 297 688 346 ἀποέὑσῃς·
701 310 788 337 nam
802 296 1058 346 ἀποθύσωμαι
1073 311 1120 339 ne
1136 311 1303 352 ponatur
1315 315 1387 353 pro
1403 301 1603 348 &nescio-o,
1618 313 1689 343 νεα·

424 363 480 391 tat
500 353 596 391 ratio
616 352 770 404 linguae
783 351 965 391 Graecae.
980 353 1198 404 Legendum
1211 356 1374 394 omnino
1386 356 1449 395 vel
1466 353 1581 394 asma
1593 356 1689 395 ἁπο-

422 405 519 453 sacia
534 436 546 453 ,
564 405 709 458 ueprius
725 406 799 458 ipsa
805 404 845 457 se
861 418 966 445 exuat
976 421 992 453 ;
1009 406 1072 445 vel
1085 435 1098 452 ,
1118 403 1233 446 αὐτὴν
1246 407 1456 458 ἀποδύσῃς,
1475 425 1514 448 ne
1535 422 1572 447 tu
1589 410 1688 462 prius

421 459 519 497 illam
533 461 761 512 vestesporoere
770 459 903 498 iubeas:
922 459 1151 501 alterutrum
1159 459 1401 500 certiffimum
1415 461 1485 502 est:
1500 463 1605 516 prius
1619 458 1688 502 etsi

423 512 553 551 malim
567 543 579 558 ,
596 512 683 552 cessi
697 524 823 552 tamen
835 513 1050 553 auctoritati
1071 513 1108 552 P.
1123 515 1163 552 &
1179 514 1206 552 1.
1224 515 1386 553 Hssms’r.

478 568 551 605 ead.
564 567 588 606 l.
599 580 636 619 9.
649 565 803 618 Χεστὸν)
816 567 915 605 Vide
927 565 1094 606 Eustath.
1107 568 1153 605 ad
1165 566 1205 605 11.
1222 573 1253 605 Ξ
1265 598 1277 614 ,
1298 567 1557 616 214.801.A1‹t.

478 622 553 658 ead.
566 621 590 658 l.
607 619 714 669 17.''H
733 619 869 658 se‘sm
881 617 936 669 μή
960 635 1017 658 σοι
1033 620 1251 674 ἐλέγχηται
1272 623 1314 658 τὶ)
1334 625 1508 673 γλαυκὴν
1531 620 1602 660 τῶν
1622 623 1690 673 ὂμό

422 673 558 724 μάτων
573 672 663 712 ἄνευ
675 670 741 712 τοῦ
754 672 905 725 φοβεροῦ
922 673 1174 726 βλεπόμενον)
1194 675 1362 714 Vertunt
1376 687 1385 713 :
1409 677 1472 714 An
1486 675 1627 721 vereris,
1646 692 1688 715 ne

425 726 486 764 tibi
500 728 637 766 obiiciat
656 728 840 766 caeruleum
860 727 956 765 illum
978 728 1146 766 oculorum
1168 729 1305 767 colorem
1318 759 1330 775 ,
1348 728 1405 781 qui
1419 729 1507 767 nihil
1526 730 1688 769 metuendi

451 780 553 832 mese
562 780 702 832 ftrendo
719 780 910 834 adspicitur.
931 779 1069 820 Davus
1083 781 1161 819 sum
1176 812 1186 826 ,
1206 793 1285 820 non
1301 780 1500 831 Oedipus3
1515 783 1690 834 aenigma

420 795 585 874 {atinae
598 834 784 874 verfionis
802 846 880 872 non
899 834 1078 885 expedio:
1101 834 1161 873 sed
1174 833 1240 873 sim
1258 835 1344 874 licet
1358 835 1497 878 Davus
1507 866 1521 882 ,
1537 833 1620 876 scio
1634 847 1690 876 ta-

426 900 530 933 men,
542 900 611 927 nec
627 888 821 939 Oedipum
833 888 871 926 id
881 888 1170 940 explicaturum.
1186 889 1276 927 Hoc
1291 899 1419 928 autem
1432 890 1522 928 dicit
1533 889 1690 929 Venus:

426 943 512 981 Non
527 943 660 989 metuis,
672 958 711 980 rte
728 943 763 980 in
784 953 813 980 te
824 943 1034 994 reprehendat
1046 943 1213 981 caeruleos
1229 943 1306 981 illos
1326 943 1441 982 oculos
1452 972 1465 988 ,
1474 944 1591 994 fifine
1607 943 1665 983 illo
1675 974 1689 992 ‚

425 1010 492 1047 quo
510 1008 631 1034 metum
653 996 801 1041 incutis,
823 996 1019 1034 videantur:
1044 998 1086 1033 ‘rb
1114 997 1262 1047 φοβερὸν
1285 1008 1402 1035 vocat
1422 995 1565 1048 κόρυθα.
1576 1025 1590 1042 ,
1611 1009 1689 1050 qua

426 1048 549 1098 φῡβεΐν
569 1049 760 1089 &inanitio
781 1048 883 1087 illam
905 1049 1004 1088 velle
1020 1050 1156 1088 Venus
1176 1050 1237 1088 ait.
1258 1048 1446 1089 Putabant
1471 1060 1624 1096 autem,
1644 1054 1689 1089 τὸ

426 1105 600 1154 γλαυκὸν
615 1102 687 1142 τῶν
699 1100 889 1151 ὀφθαλμῶν
906 1104 1048 1154 gratius
1058 1103 1161 1142 reddi
1175 1102 1301 1156 galea:
1324 1102 1497 1156 superius
1516 1104 1554 1142 in
1566 1103 1691 1144 dialo-

425 1167 481 1206 go
498 1155 663 1194 Vulcani
678 1156 717 1196 &
732 1157 837 1195 Iovis
848 1186 862 1202 ,
882 1154 1111 1211 γλαυκῶπις
1128 1157 1208 1205 μὲν,
1222 1158 1328 1195 ἀλλὰ
1346 1157 1484 1207 κοσμεῖ
1500 1155 1692 1196 καὶτοῦτο

426 1207 493 1246 καὶ
507 1209 624 1260 κόρυς·
635 1209 713 1249 fine
722 1209 782 1248 illa
794 1209 936 1249 caesios
946 1210 1082 1250 oculos
1091 1211 1305 1250 Minervam
1316 1210 1507 1250 dedecere.
1518 1209 1692 1251 szv.

482 1261 574 1313 Pag.
587 1262 649 1311 67.
668 1265 690 1302 l.
707 1277 720 1302 1
730 1292 738 1300 .
752 1266 798 1301 Tb
810 1266 980 1316 ’γλαυμῖον
993 1263 1064 1303 τῶν
1087 1264 1203 1317 ὂμμ.)
1219 1264 1280 1304 Ad
1294 1263 1398 1303 Dial.
1411 1263 1506 1304 vm
1519 1264 1693 1317 pluribus

427 1315 605 1365 explicui.
619 1317 762 1356 Attulit
776 1317 880 1356 hunc
893 1317 1020 1356 locum
1036 1317 1231 1357 Brodaeus
1244 1318 1288 1356 ad
1303 1318 1422 1357 Anth.
1439 1317 1494 1364 11,
1514 1330 1546 1358 c.
1561 1331 1606 1370 9,
1622 1318 1693 1370 Ep.

427 1382 465 1406 2.
480 1367 568 1408 Iure
583 1371 734 1422 quidem
747 1369 945 1411 Graevius
958 1373 1180 1425 interpretes
1200 1370 1419 1424 castigavit;
1438 1370 1552 1410 sedin
1568 1372 1693 1411 verbo

426 1421 652 1475 ἐλέγχηται
673 1424 713 1464 &
738 1424 802 1464 hic
822 1425 860 1463 ὃ(
880 1425 931 1464 illi
956 1425 1054 1465 male
1076 1438 1156 1464 rem
1180 1424 1379 1479 gefferunt.
1401 1425 1692 1478 Intelligendum

427 1475 482 1514 est
495 1506 505 1521 ,
525 1494 606 1516 num
624 1479 757 1522 metuis,
776 1495 816 1517 ne
827 1480 887 1516 tibi
898 1491 1064 1530 arguatur
1074 1480 1108 1518 ἃ
1118 1480 1264 1529 deforme
1274 1491 1439 1532 appareat
1449 1479 1634 1518 caeruleum
1647 1480 1693 1517 il-

428 1529 492 1568 Iud
501 1533 672 1571 oculorum
692 1536 800 1572 demta
813 1532 931 1581 caffi‘de
949 1533 1124 1586 inspeflum
1135 1536 1157 1570 ?
1176 1533 1296 1587 Saepe
1310 1545 1438 1573 tamen
1453 1532 1574 1573 Pallas
1586 1531 1691 1573 ultro

426 1585 585 1625 nativae
600 1585 746 1626 formae
769 1586 909 1625 fiducia
931 1587 1076 1638 galeam
1101 1586 1249 1640 posuit,
1272 1588 1431 1639 quando
1454 1599 1476 1626 a
1497 1585 1600 1626 bello
1621 1600 1693 1626 va-

425 1648 518 1677 cans
537 1639 756 1680 laetioribus
767 1641 890 1692 epulis
901 1641 1078 1680 intererat
1091 1657 1100 1680 :
1120 1641 1234 1679 talem
1247 1643 1292 1680 ad
1311 1641 1410 1680 Pelei
1426 1641 1581 1693 nuptias
1594 1639 1692 1680 misit

425 1688 642 1738 Coluthus‚
667 1693 913 1746 aliique.Vid.
926 1695 988 1734 Sil.
1005 1695 1124 1734 Italic.
1137 1694 1213 1734 VH
1226 1724 1236 1740 ‚
1253 1694 1342 1743 460.
1358 1695 1520 1734 HEMST.

479 1749 551 1785 ead.
568 1749 592 1785 l.
610 1762 646 1798 7.
661 1744 783 1800 Αὐτὴ)
796 1747 855 1786 Sic
865 1748 974 1801 lego,
995 1761 1074 1787 non
1091 1760 1133 1787 ut
1145 1749 1182 1787 in
1197 1749 1299 1787 libris
1313 1747 1366 1788 est
1375 1747 1484 1789 αὐτή.
1497 1747 1655 1788 SOLAN.

480 1804 553 1838 ead.
569 1801 592 1841 l.
609 1816 644 1853 9.
661 1800 723 1840 Ὡς
736 1802 779 1841 ἓὲ
800 1800 862 1853 ὁρᾷ
878 1799 944 1841 use
958 1801 1099 1854 ἧέὲως)
1114 1802 1173 1842 Sic
1187 1802 1290 1841 hunc
1308 1803 1437 1842 locum
1448 1831 1460 1849 ‚
1480 1801 1690 1842 foediffime

426 1850 468 1891 in
482 1854 646 1907 vulgatis
654 1857 734 1895 edd.
747 1866 992 1909 corruptum,
1005 1855 1244 1896 restituimus.
1259 1855 1371 1908 Quid
1379 1856 1485 1895 enim
1496 1854 1564 1903 est,
1574 1869 1692 1909 quae·

424 1904 483 1954 so,
502 1909 606 1959 quod
621 1923 756 1950 omnes
770 1909 916 1956 insidet,
933 1908 994 1962 ὁρᾷ
1005 1909 1050 1948 δὲ
1061 1907 1190 1958 ἷιθέως,
1203 1909 1282 1949 sme
1296 1908 1381 1956 use,
1393 1909 1498 1962 quod
1510 1909 1540 1948 1.
1556 1909 1692 1963 suppe-

425 1959 542 1999 ditat?
561 1962 604 2001 In
628 1976 678 2003 eo
702 1964 731 2002 I.
756 1976 836 2004 non
856 1963 938 2003 sum
956 1963 1128 2011 secutus,
1145 1964 1250 2017 quod
1273 1963 1357 2017 ὁρᾷς
1378 1977 1451 2016 pro
1470 1962 1535 2016 ὃρᾷ
1559 1960 1689 2006 habet.

423 2012 609 2055 Plaudent
618 2046 631 2063 ‚
651 2016 704 2056 sat
717 2017 814 2066 scio,
831 2018 974 2070 quibus
985 2017 1191 2070 elegantiae
1203 2017 1371 2071 placent:
1388 2030 1514 2070 neque
1527 2029 1691 2058 monen-

423 2067 474 2115 di,
496 2081 807 2124 unamquamque
819 2072 933 2110 trium
949 2071 1122 2111 Dearum
1139 2072 1188 2110 ab
1203 2071 1333 2124 aliquo
1346 2071 1413 2110 fibi
1430 2071 1594 2124 proprio
1605 2071 1690 2112 lau-

424 2121 525 2170 dari3
546 2135 614 2163 aut
627 2127 830 2177 quomodo
844 2124 1059 2164 festinantes
1080 2136 1145 2165 aut
1166 2125 1367 2166 oscitantes
1387 2124 1532 2164 librarii
1545 2137 1663 2166 voces
1674 2155 1688 2174 ‚

422 2188 587 2227 quarum
604 2176 724 2218 sonus
735 2192 822 2219 cum
842 2180 1098 2232 praecedentis
1114 2180 1221 2219 verbi
1241 2178 1338 2219 sono
1352 2180 1558 2228 convenit,
1575 2177 1687 2233 flagi-

422 2229 519 2268 tiosa
534 2231 759 2284 negligentia
773 2233 917 2273 soleant
929 2234 1118 2272 omittere.
1132 2232 1196 2273 De
1215 2229 1331 2274 ἦδέως
1342 2233 1437 2284 cipite,
1448 2233 1537 2272 vide
1557 2233 1689 2284 Eurip-

421 2281 503 2335 Iph.
517 2284 555 2322 in
569 2287 661 2325 Aul.
677 2300 712 2336 p.
732 2287 800 2339 ¹83
817 2287 863 2327 C.
878 2287 1066 2339 Interpres
1078 2287 1250 2327 Gallicus
1260 2289 1310 2327 ita
1321 2287 1596 2328 emendandum
1612 2286 1689 2327 effe

421 2349 535 2377 acute
554 2339 660 2379 vidit.
679 2338 836 2379 SOLAN.
852 2339 1078 2391 Iampridem
1095 2352 1182 2380 ante
1195 2340 1312 2380 visam
1332 2341 1389 2381 ed.
1408 2342 1438 2380 I.
1459 2341 1686 2394 scripturam

420 2391 654 2440 coniec'lavi,
671 2392 733 2444 ὁρᾷ
747 2393 791 2433 δὲ
813 2391 882 2433 {fers
899 2391 1028 2434 ἦέεως·
1046 2408 1171 2446 neque
1189 2395 1292 2435 enim
1315 2394 1561 2434 dubitandum
1581 2395 1687 2434 vide-

423 2445 550 2491 batur,
565 2447 656 2499 quin
669 2447 763 2487 haec
777 2449 822 2486 ad
835 2449 1029 2488 Venerem
1047 2447 1068 2487 s
1063 2448 1257 2500 peEtarent
1267 2478 1278 2495 ‚
1293 2450 1400 2489 cuius
1413 2449 1615 2501 propr-ium
1633 2447 1689 2487 est

418 2497 584 2550 ffivsthiv·
601 2500 827 2553 φιλομειδὴς
839 2501 1047 2555 Ἀφροδίτη.
1061 2502 1183 2544 Nolui
1196 2514 1322 2544 tamen
1334 2502 1517 2557 refragari
1533 2501 1688 2545 leffioni
