1748 3420
159 201 245 246 IN
295 198 738 247 DIALOGOS
791 200 1183 249 MARINOS.
1230 220 1322 268 377

39 299 49 315 ¹·
63 299 134 327 cur
145 286 361 339 Hesychius
381 289 663 340 interpretetur,
676 289 905 339 Βορυσῖιένκς,
927 285 1233 330 ὁἘλλιίσποντος.
1259 290 1328 329 Ab

37 368 42 374 -
63 340 192 380 Helles
207 352 333 380 autem
354 342 440 381 casu
457 343 612 381 fluxerit
630 342 860 394 appellatio,
878 343 983 394 quod
1005 342 1150 382 summa
1174 344 1327 394 conspi-

62 394 212 433 ratione
231 407 381 434 veteres
403 395 697 448 amplectuntur,
717 408 765 433 an
782 395 856 434 hoc
871 408 941 447 pro
956 394 1104 435 somnio
1128 395 1172 435 sit
1187 397 1325 449 explo-

62 446 225 486 dendum
235 477 245 494 ‚
261 449 425 500 praelata
439 447 605 488 Salmasii
617 447 799 487 sententia
809 479 820 495 ‚
834 449 984 487 Pontum
998 449 1226 496 Ηείἰεηίειιιη,
1255 461 1324 490 aut

39 512 152 539 :mare
169 502 336 540 Graecum
356 503 596 553 exponentis,
609 500 794 554 disputare
813 514 913 540 nunc
928 502 1137 542 nonlubet.
1156 504 1322 543 Hemsr.

115 556 190 592 ead.
203 555 227 592 l.
238 554 273 593 6.
290 554 535 607 Παραμύθιον)
553 553 623 593 Ms.
640 555 764 593 codex
779 554 895 600 addit,
909 554 1017 594 ἐκεῖνο
1031 554 1075 593 Σὲ
1091 556 1321 606 παραμύθιον

61 602 101 645 οὗ
111 608 238 658 μικρὶιν
249 606 357 646 ἔσται
367 605 478 657 atini,
490 609 552 648 hoc
563 623 640 646 vero
641 607 802 659 solatium
811 623 877 646 non
880 622 1025 658 parvum
1036 609 1065 645 ei
1071 610 1141 647 erit.
1150 608 1324 650 GRAEV.

113 662 187 698 ead.
204 660 227 698 l.
242 659 278 699 8.
293 660 546 714 Ἀθάμαντος)
558 661 679 700 Huius
691 661 889 713 imaginem
905 660 1139 700 Callistratus
1151 663 1324 709 exhibet,

43 739 49 744 ›-
61 713 234 752 omnium
246 713 472 765 postremam
490 729 526 767 p.
539 715 627 766 906.
637 715 779 766 Tangit
794 714 930 754 Noster
944 716 1025 766 ὀρχ.
1036 727 1067 753 c.
1082 729 1146 762 42.
1165 714 1324 755 SOLAN.

112 769 186 804 ead.
197 767 220 804 l.
234 781 270 819 9.
291 766 362 806 Τοῦ
378 768 600 819 Κιθαιρῶνος)
613 768 728 820 Apud
741 767 998 807 Callistratum
1012 767 1167 819 Σκίρῥων
1183 769 1322 808 dicitur

59 817 98 857 in
114 819 301 872 vulgatis;
321 820 510 872 postrema
529 821 646 860 editio
661 822 824 861 mutavit
835 822 872 860 in
885 821 1032 872 Σκίρων,
1045 821 1228 874 iubetque
1247 823 1323 861 adi-

59 884 102 912 re
118 871 227 912 Paus.
242 873 324 912 Att.
339 888 374 926 p.
397 888 460 925 43.
479 874 635 914 SOLAN.

111 929 188 966 ead.
201 927 223 964 l.
239 940 296 965 10.
313 930 378 966 Τὸν
391 926 477 979 υἱον)
492 928 742 975 Melicertam‚
755 927 861 980 (vide
872 928 963 978 ὀρχ.
977 939 1009 968 c.
1023 925 1092 978 42)
1116 927 1196 978 qui,
1209 926 1321 968 Deus

58 976 194 1025 fafiffls,
210 980 394 1019 Palaemon
415 980 533 1020 dictus
544 980 614 1020 est:
641 992 762 1020 mater
775 992 902 1020 autem
914 981 1113 1019 Leucothoe}
1134 979 1291 1020 SOLAN.

109 1035 183 1071 ead.
197 1034 220 1072 l.
241 1046 297 1072 ιι.
319 1033 587 1087 Χαρισάμενος)
609 1038 857 1086 Χαρισάιμενον
880 1032 1011 1073 scribe.
1035 1033 1201 1073 GUYET.
1233 1034 1320 1074 Du-

56 1085 146 1124 dum
162 1086 254 1125 mihi
269 1085 338 1126 fuit
351 1085 540 1139 suspectus
552 1088 612 1128 hic
622 1088 744 1133 locus,
755 1087 794 1127 ὅ(
808 1087 899 1126 mihi
913 1085 1185 1139 persuaseram,
1195 1087 1322 1140 legen-

56 1139 147 1178 dum
167 1139 240 1180 effe
258 1139 517 1192 χαρισάμενον
535 1140 584 1182 sc.
602 1142 657 1180 σέ.
683 1140 754 1180 Sed
775 1142 813 1179 in
835 1140 906 1180 ΜΓ.
932 1140 1060 1192 postea
1087 1142 1207 1193 reperi
1223 1143 1320 1183 bene

55 1191 163 1232 scribi
175 1195 469 1245 χαρισαμένους,
481 1193 530 1234 sc.
545 1192 655 1244 ὖμᾶς,
676 1207 761 1240 nos,
777 1206 814 1233 te
826 1194 1006 1233 nimirum
1022 1194 1263 1245 Neptunum,
1278 1197 1320 1237 &

55 1258 128 1285 nos
143 1247 334 1286 Nereidas.
357 1246 458 1286 Cum
475 1247 602 1300 postea
623 1248 734 1297 dicit,
751 1248 852 1286 illam
867 1261 946 1286 non
963 1249 1099 1288 mereri
1118 1249 1214 1288 hanc
1232 1262 1320 1301 gra-

55 1300 168 1346 tiam,
192 1298 255 1338 οὔκ
267 1298 381 1352 ἐχρῆν
393 1297 488 1340 οὕτω
505 1304 658 1355 πονηρὰν
679 1295 806 1348 οὖσαν,
827 1313 934 1341 notat
954 1301 1050 1340 illius
1070 1302 1318 1341 novercalem

55 1353 236 1392 malitiam
250 1355 289 1393 in
301 1354 489 1407 Nepheles
501 1355 604 1395 filios
613 1385 622 1398 ,
638 1356 835 1407 Phryxum
848 1356 888 1395 &
899 1355 1047 1394 Hellen.
1062 1355 1233 1395 GRAEV.
1246 1357 1319 1396 Le-

55 1408 176 1459 gerim
191 1408 462 1460 χαρισαμένοις·
475 1409 542 1461 fid
552 1411 586 1448 δ’
599 1410 692 1448 illam
705 1425 767 1448 νιος
782 1410 943 1458 oportebit
951 1408 1088 1460 servare
1100 1410 1317 1462 gratificatu-

55 1476 114 1500 ras
130 1462 278 1500 Baccho.
293 1462 482 1502 Nimirum
495 1463 648 1502 nomine
664 1463 870 1502 Nereidum
882 1462 1056 1515 loquitur
1066 1462 1320 1516 Amphitrite.

51 1513 180 1558 ,(ΣιΕΚ.
195 1514 344 1554 Omnes
363 1515 442 1554 edd.
461 1515 734 1567 χαρισάμενος,
752 1516 820 1555 nisi
836 1517 940 1568 quod
955 1516 1008 1555 St.
1029 1530 1315 1567 χαρισαμενας.

54 1567 138 1607 Nos
160 1567 274 1609 secuti
294 1568 424 1609 sumus
440 1569 511 1609 Ms.
529 1569 598 1610 Gr.
610 1571 651 1609 L.
667 1569 755 1610 &R
771 1569 926 1608 SOLAN.
941 1570 1214 1623 Χαρισέιμενος)
1229 1572 1323 1609 Hu->

54 1622 113 1661 ius
124 1623 297 1662 omnium
309 1623 389 1663 edd.
399 1623 571 1663 leffionis
587 1622 771 1662 struGlura
781 1623 982 1668 claudicat,
992 1623 1054 1662 cui
1067 1623 1167 1662 malo
1177 1625 1318 1663 mederi

54 1676 180 1715 voluit
195 1677 245 1715 H.
261 1676 387 1729 Steph.
398 1678 896 1728 εκρτὶιῃεηεχαρισαμένας·
907 1677 1067 1715 nimium
1081 1677 1317 1728 arrogaffent

54 1728 122 1768 fibi
134 1730 328 1775 Nereides,
351 1730 543 1782 praesente
563 1732 770 1783 Neptuno:
796 1743 913 1782 quare
926 1729 1135 1769 maluissem
1151 1730 1317 1783 χαρισα-

54 1797 176 1832 μενον,
194 1794 232 1823 te
251 1783 326 1824 scil.
343 1784 578 1837 Neptunum.
597 1785 668 1824 Sed
683 1785 874 1837 optimum
892 1784 966 1832 est,
989 1784 1095 1835 quod
1107 1783 1229 1824 Codd.
1245 1785 1316 1824 ob-

52 1834 204 1876 secutus
219 1838 300 1877 dedi
312 1852 324 1886 ;
340 1837 524 1890 utrosque
537 1838 802 1891 complectitur
815 1838 1041 1890 Neptunum
1057 1838 1098 1877 &
1111 1838 1311 1887 Nereidas,

53 1903 193 1943 genere
205 1903 344 1938 tamen,
366 1903 408 1931 ut
429 1891 510 1931 fieri
527 1891 635 1940 solet,
648 1892 693 1931 ad
715 1892 905 1944 potiorem
923 1891 1058 1930 relato.
1083 1891 1187 1948 Digl.
1204 1891 1317 1940 XIV,

52 1945 213 1994 Perseum
222 1946 336 1998 nostis,
347 1946 479 1998 opinor,
491 1948 534 1985 τὸ
546 1944 594 1986 τῆ
597 1961 612 1985 ς
627 1947 779 1984 Δανάης
789 1945 953 1990 maxima,
963 1944 981 1982 ’ὃ
991 1946 1096 1994 μετὰ,
1105 1959 1147 1983 τη
1155 1959 1171 1984 ς
1178 1947 1317 1996 μητρὶς

53 1997 130 2038 διε.
156 1998 326 2038 ἐσώσατε
348 1999 574 2052 οἰκτείρασαι
598 2003 802 2037 ΑΎΤΟΎΣ.
829 1998 902 2039 Ino
919 1998 1040 2051 prima
1058 1999 1156 2036 teneri
1173 2000 1315 2047 nutrix,

50 2055 162 2091 eadem
176 2065 350 2093 matertera
362 2082 373 2099 ‚
396 2053 525 2092 Bacclu'
536 2083 546 2099 ,
562 2053 625 2092 cui
649 2054 690 2092 ὅ(
702 2052 926 2091 Athamanti
945 2052 1082 2091 marito
1095 2052 1314 2092 Mercurius

51 2118 141 2145 eum
153 2106 267 2145 tradit
280 2107 324 2145 de
337 2105 482 2146 femore
501 2106 610 2145 Iovis
625 2106 876 2157 prodeuntem
887 2135 897 2152 ‚
915 2105 977 2144 καὶ
991 2104 1103 2144 πείθει
1116 2106 1255 2157 τρέφειν
1266 2103 1315 2144 ὧς

47 2160 163 2211 κόρην·
188 2170 267 2199 tam
290 2159 446 2199 sollicite
467 2160 680 2210 cavendum
702 2171 804 2205 erat,
825 2172 872 2198 ne
896 2159 1060 2198 furtivae
1084 2160 1202 2211 prolis
1221 2160 1315 2198 indi-

51 2214 154 2252 cium
174 2213 328 2266 aliquod
351 2214 395 2252 ad
418 2213 608 2253 Iunonem
624 2225 872 2266 permanaret.
895 2212 1096 2265 Postquam
1113 2212 1186 2251 Ino
1199 2213 1235 2250 in
1254 2212 1315 2252 fu—

49 2279 180 2306 rorem
193 2267 276 2306 a&a
290 2279 394 2307 mare
406 2266 594 2316 subiisset,
618 2267 693 2306 alio
716 2266 807 2305 dolo
822 2265 891 2305 fuit
910 2279 1033 2319 opus,
1053 2278 1136 2318 quo
1151 2266 1314 2306 misellus

48 2320 111 2359 ille
124 2321 296 2361 Bacchus
314 2321 582 2361 novercalibus
602 2321 699 2359 odiis
717 2322 952 2373 eriperetur:
975 2320 1144 2359 Διόνυσον
1162 2319 1206 2358 δὲ
1227 2320 1314 2359 Ζεὺς

50 2374 101 2413 εἰς
114 2373 222 2426 ἔριφον
247 2374 429 2426 ἀλλάξας
449 2368 633 2426 τὶνἭρας
647 2376 764 2423 ὒυμὶιν
790 2372 941 2423 ’ἔκλεψε-
970 2373 1034 2412 καὶ
1058 2372 1183 2419 λαβὼν
1200 2369 1314 2413 αὗτὸν

51 2427 177 2479 Ἐρμῆς
190 2431 278 2481 προς
290 2427 447 2478 Νύμφας
465 2428 631 2478 ἐκὸμισεν
645 2427 679 2467 ἐν
691 2426 812 2476 Νίκα-σῃ
830 2426 898 2466 τῆς
911 2428 1035 2466 Ἀσίας
1049 2425 1313 2466 κατοικούσας.

51 2482 159 2523 Haec
168 2481 414 2538 Apollodoro
441 2482 606 2522 narranti
620 2481 688 2528 ΙΙΙ,
702 2495 738 2534 p.
760 2494 846 2536 171,
858 2480 969 2535 plane
989 2478 1176 2521 consentit
1191 2478 1312 2522 Ovid.
