<?xml version="1.0" encoding="UTF-8"?>
<!DOCTYPE html PUBLIC "-//W3C//DTD XHTML 1.0 Transitional//EN"
    "http://www.w3.org/TR/xhtml1/DTD/xhtml1-transitional.dtd">
<html xmlns="http://www.w3.org/1999/xhtml" xml:lang="en" lang="en">
 <head>
  <title>
</title>
<meta http-equiv="Content-Type" content="text/html;charset=utf-8" />
  <meta name='ocr-system' content='tesseract 3.04.00' />
  <meta name='ocr-capabilities' content='ocr_page ocr_carea ocr_par ocr_line ocrx_word'/>
</head>
<body>
  <div class='ocr_page' id='page_1' title='image "./operagraeceetlat02luciuoft_0585.png"; bbox 0 0 1748 3420; ppageno 0'>
   <div class='ocr_carea' id='block_1_1' title="bbox 134 202 1305 274">
    <p class='ocr_par' dir='ltr' id='par_1_1' title="bbox 134 202 1305 274">
     <span class='ocr_line' id='line_1_1' title="bbox 134 202 1305 274; baseline 0.004 -24"><span class='ocrx_word' id='word_1_1' title='bbox 134 205 206 252; x_wconf 74' lang='lat' dir='ltr'>IN</span> <span class='ocrx_word' id='word_1_2' title='bbox 239 202 638 250; x_wconf 85' lang='lat' dir='ltr'>DIALOGOS</span> <span class='ocrx_word' id='word_1_3' title='bbox 672 203 1173 254; x_wconf 85' lang='lat' dir='ltr'>MORTUORUM.</span> <span class='ocrx_word' id='word_1_4' title='bbox 1221 223 1305 274; x_wconf 81' lang='lat'>545</span> 
     </span>
    </p>
   </div>
   <div class='ocr_carea' id='block_1_2' title="bbox 0 289 1316 2481">
    <p class='ocr_par' dir='ltr' id='par_1_2' title="bbox 0 289 1316 1090">
     <span class='ocr_line' id='line_1_2' title="bbox 0 289 1313 344; baseline 0.003 -12"><span class='ocrx_word' id='word_1_5' title='bbox 0 319 13 338; x_wconf 48' lang='lat' dir='ltr'>,s</span> <span class='ocrx_word' id='word_1_6' title='bbox 56 291 204 332; x_wconf 80' lang='lat' dir='ltr'>animos</span> <span class='ocrx_word' id='word_1_7' title='bbox 217 289 412 330; x_wconf 87' lang='lat' dir='ltr'>obsederat</span> <span class='ocrx_word' id='word_1_8' title='bbox 430 289 665 344; x_wconf 87' lang='lat' dir='ltr'>superstitio,</span> <span class='ocrx_word' id='word_1_9' title='bbox 688 291 779 342; x_wconf 91' lang='lat' dir='ltr'>quin</span> <span class='ocrx_word' id='word_1_10' title='bbox 797 290 949 331; x_wconf 88' lang='lat' dir='ltr'>vatibus</span> <span class='ocrx_word' id='word_1_11' title='bbox 967 293 1147 332; x_wconf 89' lang='lat' dir='ltr'>mendacii</span> <span class='ocrx_word' id='word_1_12' title='bbox 1167 296 1313 336; x_wconf 86' lang='lat' dir='ltr'><strong>crimen</strong></span> 
     </span>
     <span class='ocr_line' id='line_1_3' title="bbox 40 341 1313 401; baseline 0.004 -17"><span class='ocrx_word' id='word_1_13' title='bbox 40 344 167 397; x_wconf 71' lang='lat' dir='ltr'>&#39;saepe</span> <span class='ocrx_word' id='word_1_14' title='bbox 188 344 300 383; x_wconf 87' lang='lat' dir='ltr'>fuerit</span> <span class='ocrx_word' id='word_1_15' title='bbox 325 342 536 389; x_wconf 58' lang='lat' dir='ltr'>obiectum,</span> <span class='ocrx_word' id='word_1_16' title='bbox 560 341 773 395; x_wconf 85' lang='lat' dir='ltr'>praesertim</span> <span class='ocrx_word' id='word_1_17' title='bbox 795 357 816 382; x_wconf 89' lang='lat' dir='ltr'>a</span> <span class='ocrx_word' id='word_1_18' title='bbox 838 346 963 395; x_wconf 76' lang='lat' dir='ltr'>poetis</span> <span class='ocrx_word' id='word_1_19' title='bbox 987 345 1159 395; x_wconf 87' lang='lat' dir='ltr'>scenicis,</span> <span class='ocrx_word' id='word_1_20' title='bbox 1173 349 1313 401; x_wconf 85' lang='lat' dir='ltr'>quibus</span> 
     </span>
     <span class='ocr_line' id='line_1_4' title="bbox 0 395 1312 449; baseline 0.002 -11"><span class='ocrx_word' id='word_1_21' title='bbox 0 438 3 448; x_wconf 70' lang='grc'><strong>,</strong></span> <span class='ocrx_word' id='word_1_22' title='bbox 57 400 152 438; x_wconf 87' lang='lat' dir='ltr'>mira</span> <span class='ocrx_word' id='word_1_23' title='bbox 168 398 340 437; x_wconf 86' lang='lat' dir='ltr'>libertate</span> <span class='ocrx_word' id='word_1_24' title='bbox 353 397 456 435; x_wconf 88' lang='lat' dir='ltr'>licuit</span> <span class='ocrx_word' id='word_1_25' title='bbox 470 395 694 447; x_wconf 83' lang='lat' dir='ltr'>religionem</span> <span class='ocrx_word' id='word_1_26' title='bbox 716 396 888 449; x_wconf 84' lang='lat' dir='ltr'>ipsosque</span> <span class='ocrx_word' id='word_1_27' title='bbox 902 397 1013 437; x_wconf 89' lang='lat' dir='ltr'>Deos</span> <span class='ocrx_word' id='word_1_28' title='bbox 1026 400 1086 438; x_wconf 85' lang='lat' dir='ltr'>vel</span> <span class='ocrx_word' id='word_1_29' title='bbox 1104 401 1312 441; x_wconf 87' lang='lat' dir='ltr'>cothurna-</span> 
     </span>
     <span class='ocr_line' id='line_1_5' title="bbox 0 448 1314 501; baseline 0.005 -12"><span class='ocrx_word' id='word_1_30' title='bbox 0 456 2 460; x_wconf 83' lang='grc'>’</span> <span class='ocrx_word' id='word_1_31' title='bbox 55 453 104 490; x_wconf 90' lang='lat' dir='ltr'>tis</span> <span class='ocrx_word' id='word_1_32' title='bbox 117 450 306 490; x_wconf 85' lang='lat' dir='ltr'>sententiis</span> <span class='ocrx_word' id='word_1_33' title='bbox 319 449 499 501; x_wconf 84' lang='lat' dir='ltr'>castigare</span> <span class='ocrx_word' id='word_1_34' title='bbox 510 479 523 496; x_wconf 88' lang='lat'>,</span> <span class='ocrx_word' id='word_1_35' title='bbox 539 448 602 490; x_wconf 88' lang='lat' dir='ltr'>vel</span> <span class='ocrx_word' id='word_1_36' title='bbox 620 450 777 489; x_wconf 88' lang='lat' dir='ltr'>comicis</span> <span class='ocrx_word' id='word_1_37' title='bbox 792 449 927 490; x_wconf 87' lang='lat' dir='ltr'>salibus</span> <span class='ocrx_word' id='word_1_38' title='bbox 942 452 1105 492; x_wconf 84' lang='lat' dir='ltr'>irridere.</span> <span class='ocrx_word' id='word_1_39' title='bbox 1121 454 1213 494; x_wconf 89' lang='lat' dir='ltr'>Ideo</span> <span class='ocrx_word' id='word_1_40' title='bbox 1224 456 1314 495; x_wconf 65' lang='lat' dir='ltr'>dieti</span> 
     </span>
     <span class='ocr_line' id='line_1_6' title="bbox 0 501 1314 558; baseline 0.005 -16"><span class='ocrx_word' id='word_1_41' title='bbox 0 501 7 510; x_wconf 85' lang='lat'><strong>‘</strong></span> <span class='ocrx_word' id='word_1_42' title='bbox 54 503 276 556; x_wconf 85' lang='lat' dir='ltr'>frequenter</span> <span class='ocrx_word' id='word_1_43' title='bbox 290 502 480 553; x_wconf 61' lang='grc' dir='ltr'>ἀλαζόνες,</span> <span class='ocrx_word' id='word_1_44' title='bbox 492 502 557 555; x_wconf 87' lang='lat' dir='ltr'>qui</span> <span class='ocrx_word' id='word_1_45' title='bbox 571 502 606 541; x_wconf 90' lang='lat' dir='ltr'>se</span> <span class='ocrx_word' id='word_1_46' title='bbox 619 501 722 549; x_wconf 89' lang='lat' dir='ltr'>scire,</span> <span class='ocrx_word' id='word_1_47' title='bbox 736 516 836 555; x_wconf 86' lang='lat' dir='ltr'>quae</span> <span class='ocrx_word' id='word_1_48' title='bbox 848 503 998 556; x_wconf 88' lang='lat' dir='ltr'>prorsus</span> <span class='ocrx_word' id='word_1_49' title='bbox 1015 506 1244 558; x_wconf 86' lang='lat' dir='ltr'>ignorarent,</span> <span class='ocrx_word' id='word_1_50' title='bbox 1256 508 1314 548; x_wconf 85' lang='lat' dir='ltr'>lu-</span> 
     </span>
     <span class='ocr_line' id='line_1_7' title="bbox 55 554 1310 611; baseline 0.004 -15"><span class='ocrx_word' id='word_1_51' title='bbox 55 558 110 597; x_wconf 87' lang='lat' dir='ltr'>cri</span> <span class='ocrx_word' id='word_1_52' title='bbox 132 555 358 608; x_wconf 87' lang='lat' dir='ltr'>fallendique</span> <span class='ocrx_word' id='word_1_53' title='bbox 378 554 489 595; x_wconf 86' lang='lat' dir='ltr'>causa</span> <span class='ocrx_word' id='word_1_54' title='bbox 512 555 802 608; x_wconf 85' lang='lat' dir='ltr'>profiterentur:</span> <span class='ocrx_word' id='word_1_55' title='bbox 830 570 944 609; x_wconf 90' lang='lat' dir='ltr'>quam</span> <span class='ocrx_word' id='word_1_56' title='bbox 965 559 1161 611; x_wconf 85' lang='lat' dir='ltr'>opprobrii</span> <span class='ocrx_word' id='word_1_57' title='bbox 1178 572 1310 602; x_wconf 87' lang='lat' dir='ltr'>notam</span> 
     </span>
     <span class='ocr_line' id='line_1_8' title="bbox 0 609 1309 664; baseline 0.005 -16"><span class='ocrx_word' id='word_1_58' title='bbox 0 610 3 617; x_wconf 84' lang='lat'><em>&#39;</em></span> <span class='ocrx_word' id='word_1_59' title='bbox 56 609 244 664; x_wconf 89' lang='lat' dir='ltr'>plerisque</span> <span class='ocrx_word' id='word_1_60' title='bbox 260 610 389 648; x_wconf 89' lang='lat' dir='ltr'>saltem</span> <span class='ocrx_word' id='word_1_61' title='bbox 403 609 611 649; x_wconf 85' lang='lat' dir='ltr'>convenire</span> <span class='ocrx_word' id='word_1_62' title='bbox 627 622 706 648; x_wconf 92' lang='lat' dir='ltr'>non</span> <span class='ocrx_word' id='word_1_63' title='bbox 720 620 832 661; x_wconf 88' lang='lat' dir='ltr'>negat</span> <span class='ocrx_word' id='word_1_64' title='bbox 846 610 999 650; x_wconf 85' lang='lat' dir='ltr'>Aristot.</span> <span class='ocrx_word' id='word_1_65' title='bbox 1012 611 1080 651; x_wconf 81' lang='grc' dir='ltr'>Ἠθ.</span> <span class='ocrx_word' id='word_1_66' title='bbox 1096 617 1174 652; x_wconf 76' lang='lat' dir='ltr'>Nm.</span> <span class='ocrx_word' id='word_1_67' title='bbox 1188 613 1256 661; x_wconf 86' lang='lat' dir='ltr'>lv,</span> <span class='ocrx_word' id='word_1_68' title='bbox 1273 628 1309 655; x_wconf 93' lang='lat' dir='ltr'>c.</span> 
     </span>
     <span class='ocr_line' id='line_1_9' title="bbox 54 661 1313 719; baseline 0.004 -18"><span class='ocrx_word' id='word_1_69' title='bbox 54 677 94 715; x_wconf 88' lang='lat'>7.</span> <span class='ocrx_word' id='word_1_70' title='bbox 107 663 328 703; x_wconf 86' lang='lat' dir='ltr'>Aristoxeni</span> <span class='ocrx_word' id='word_1_71' title='bbox 346 662 544 703; x_wconf 87' lang='lat' dir='ltr'>Selinuntii</span> <span class='ocrx_word' id='word_1_72' title='bbox 563 661 694 702; x_wconf 84' lang='lat' dir='ltr'>versus</span> <span class='ocrx_word' id='word_1_73' title='bbox 710 664 748 701; x_wconf 91' lang='lat' dir='ltr'>in</span> <span class='ocrx_word' id='word_1_74' title='bbox 766 663 968 713; x_wconf 86' lang='lat' dir='ltr'>Hephaest.</span> <span class='ocrx_word' id='word_1_75' title='bbox 989 664 1107 704; x_wconf 86' lang='lat' dir='ltr'>Ench.</span> <span class='ocrx_word' id='word_1_76' title='bbox 1122 679 1156 718; x_wconf 88' lang='lat' dir='ltr'>p.</span> <span class='ocrx_word' id='word_1_77' title='bbox 1174 680 1239 719; x_wconf 86' lang='lat'>25,</span> <span class='ocrx_word' id='word_1_78' title='bbox 1250 669 1313 708; x_wconf 71' lang='grc' dir='ltr'>Τίς</span> 
     </span>
     <span class='ocr_line' id='line_1_10' title="bbox 55 715 1315 767; baseline 0.003 -11"><span class='ocrx_word' id='word_1_79' title='bbox 55 716 273 767; x_wconf 70' lang='grc' dir='ltr'>ἀλαζονείαν</span> <span class='ocrx_word' id='word_1_80' title='bbox 291 717 479 756; x_wconf 63' lang='grc' dir='ltr'>’,πλείσταν</span> <span class='ocrx_word' id='word_1_81' title='bbox 499 717 668 766; x_wconf 72' lang='grc' dir='ltr'><em>παρέχει</em></span> <span class='ocrx_word' id='word_1_82' title='bbox 690 715 761 756; x_wconf 72' lang='grc' dir='ltr'>τῶν</span> <span class='ocrx_word' id='word_1_83' title='bbox 783 715 991 767; x_wconf 68' lang='grc' dir='ltr'><em>ἁνθρώπων;</em></span> <span class='ocrx_word' id='word_1_84' title='bbox 1012 718 1066 756; x_wconf 76' lang='grc' dir='ltr'>τοὶ</span> <span class='ocrx_word' id='word_1_85' title='bbox 1082 724 1249 767; x_wconf 66' lang='grc' dir='ltr'>μάντεις.</span> <span class='ocrx_word' id='word_1_86' title='bbox 1265 721 1315 760; x_wconf 90' lang='lat' dir='ltr'>Il·</span> 
     </span>
     <span class='ocr_line' id='line_1_11' title="bbox 55 768 1314 824; baseline 0.003 -15"><span class='ocrx_word' id='word_1_87' title='bbox 55 769 136 810; x_wconf 91' lang='lat' dir='ltr'>lum</span> <span class='ocrx_word' id='word_1_88' title='bbox 157 771 321 808; x_wconf 85' lang='lat' dir='ltr'>imitatus</span> <span class='ocrx_word' id='word_1_89' title='bbox 335 768 409 808; x_wconf 84' lang='lat' dir='ltr'>fuit</span> <span class='ocrx_word' id='word_1_90' title='bbox 422 769 459 814; x_wconf 59' lang='lat' dir='ltr'>‚E</span> <span class='ocrx_word' id='word_1_91' title='bbox 488 769 695 817; x_wconf 86' lang='lat' dir='ltr'>icharmus;</span> <span class='ocrx_word' id='word_1_92' title='bbox 715 770 804 809; x_wconf 90' lang='lat' dir='ltr'>vide</span> <span class='ocrx_word' id='word_1_93' title='bbox 826 769 918 809; x_wconf 85' lang='lat' dir='ltr'>Poll.</span> <span class='ocrx_word' id='word_1_94' title='bbox 939 770 1017 815; x_wconf 92' lang='lat' dir='ltr'>IX,</span> <span class='ocrx_word' id='word_1_95' title='bbox 1037 770 1110 818; x_wconf 74' lang='lat'>823</span> <span class='ocrx_word' id='word_1_96' title='bbox 1130 772 1314 824; x_wconf 80' lang='lat' dir='ltr'>Epichar-</span> 
     </span>
     <span class='ocr_line' id='line_1_12' title="bbox 54 821 1313 875; baseline 0.004 -12"><span class='ocrx_word' id='word_1_97' title='bbox 54 836 161 863; x_wconf 88' lang='lat' dir='ltr'>mum</span> <span class='ocrx_word' id='word_1_98' title='bbox 176 823 318 862; x_wconf 88' lang='lat' dir='ltr'>Ennius</span> <span class='ocrx_word' id='word_1_99' title='bbox 332 823 433 875; x_wconf 86' lang='lat' dir='ltr'>apud</span> <span class='ocrx_word' id='word_1_100' title='bbox 472 824 566 862; x_wconf 79' lang='lat' dir='ltr'>icet.</span> <span class='ocrx_word' id='word_1_101' title='bbox 587 824 626 860; x_wconf 91' lang='lat' dir='ltr'>in</span> <span class='ocrx_word' id='word_1_102' title='bbox 637 821 713 862; x_wconf 85' lang='lat' dir='ltr'>fine</span> <span class='ocrx_word' id='word_1_103' title='bbox 735 823 796 862; x_wconf 91' lang='lat' dir='ltr'>lib.</span> <span class='ocrx_word' id='word_1_104' title='bbox 822 823 839 862; x_wconf 94' lang='lat' dir='ltr'>I</span> <span class='ocrx_word' id='word_1_105' title='bbox 861 824 905 862; x_wconf 90' lang='lat' dir='ltr'>de</span> <span class='ocrx_word' id='word_1_106' title='bbox 918 822 1048 863; x_wconf 89' lang='lat' dir='ltr'>Divin.</span> <span class='ocrx_word' id='word_1_107' title='bbox 1063 823 1125 863; x_wconf 92' lang='lat' dir='ltr'>De</span> <span class='ocrx_word' id='word_1_108' title='bbox 1142 826 1313 868; x_wconf 82' lang='lat' dir='ltr'>Luciano</span> 
     </span>
     <span class='ocr_line' id='line_1_13' title="bbox 55 876 1316 930; baseline 0.003 -15"><span class='ocrx_word' id='word_1_109' title='bbox 55 889 137 916; x_wconf 89' lang='lat' dir='ltr'>non</span> <span class='ocrx_word' id='word_1_110' title='bbox 156 876 211 916; x_wconf 91' lang='lat' dir='ltr'>est</span> <span class='ocrx_word' id='word_1_111' title='bbox 225 877 329 927; x_wconf 92' lang='lat' dir='ltr'>quod</span> <span class='ocrx_word' id='word_1_112' title='bbox 349 876 546 922; x_wconf 87' lang='lat' dir='ltr'>miremur,</span> <span class='ocrx_word' id='word_1_113' title='bbox 561 876 587 915; x_wconf 82' lang='lat' dir='ltr'>si</span> <span class='ocrx_word' id='word_1_114' title='bbox 602 877 801 915; x_wconf 85' lang='lat' dir='ltr'>hominum</span> <span class='ocrx_word' id='word_1_115' title='bbox 826 876 918 925; x_wconf 81' lang='lat' dir='ltr'>illud</span> <span class='ocrx_word' id='word_1_116' title='bbox 940 889 1060 928; x_wconf 87' lang='lat' dir='ltr'>genus</span> <span class='ocrx_word' id='word_1_117' title='bbox 1076 878 1167 916; x_wconf 92' lang='lat' dir='ltr'>odio</span> <span class='ocrx_word' id='word_1_118' title='bbox 1182 880 1316 930; x_wconf 89' lang='lat' dir='ltr'>prose-</span> 
     </span>
     <span class='ocr_line' id='line_1_14' title="bbox 53 927 1310 985; baseline 0.004 -18"><span class='ocrx_word' id='word_1_119' title='bbox 53 939 210 981; x_wconf 81' lang='lat' dir='ltr'>quatur.</span> <span class='ocrx_word' id='word_1_120' title='bbox 230 929 423 982; x_wconf 89' lang='lat' dir='ltr'>Frequens</span> <span class='ocrx_word' id='word_1_121' title='bbox 440 940 590 975; x_wconf 88' lang='lat' dir='ltr'>autem‚</span> <span class='ocrx_word' id='word_1_122' title='bbox 610 930 809 970; x_wconf 85' lang='lat' dir='ltr'>mendaces</span> <span class='ocrx_word' id='word_1_123' title='bbox 830 930 898 969; x_wconf 85' lang='lat' dir='ltr'>dici</span> <span class='ocrx_word' id='word_1_124' title='bbox 913 929 1030 979; x_wconf 54' lang='grc' dir='ltr'><em>μηθὲν</em></span> <span class='ocrx_word' id='word_1_125' title='bbox 1048 927 1152 983; x_wconf 75' lang='grc' dir='ltr'>ὑγιὲς</span> <span class='ocrx_word' id='word_1_126' title='bbox 1170 934 1310 985; x_wconf 72' lang='grc' dir='ltr'>λέγειν·</span> 
     </span>
     <span class='ocr_line' id='line_1_15' title="bbox 55 980 1313 1035; baseline 0.002 -12"><span class='ocrx_word' id='word_1_127' title='bbox 55 982 237 1023; x_wconf 86' lang='lat' dir='ltr'>Dinarch.</span> <span class='ocrx_word' id='word_1_128' title='bbox 254 997 289 1035; x_wconf 91' lang='lat' dir='ltr'>p.</span> <span class='ocrx_word' id='word_1_129' title='bbox 306 984 356 1035; x_wconf 92' lang='lat'>96</span> <span class='ocrx_word' id='word_1_130' title='bbox 367 1012 380 1028; x_wconf 95' lang='lat'>,</span> <span class='ocrx_word' id='word_1_131' title='bbox 401 997 441 1023; x_wconf 90' lang='lat' dir='ltr'>v.</span> <span class='ocrx_word' id='word_1_132' title='bbox 456 982 500 1021; x_wconf 88' lang='lat'>18</span> <span class='ocrx_word' id='word_1_133' title='bbox 514 1013 524 1030; x_wconf 95' lang='lat'>‚</span> <span class='ocrx_word' id='word_1_134' title='bbox 550 980 660 1022; x_wconf 71' lang='grc' dir='ltr'><strong><em>Οὕτω</em></strong></span> <span class='ocrx_word' id='word_1_135' title='bbox 676 984 911 1034; x_wconf 69' lang='grc' dir='ltr'>Δημοσὲιένης</span> <span class='ocrx_word' id='word_1_136' title='bbox 927 982 981 1033; x_wconf 76' lang='grc' dir='ltr'>τῷ</span> <span class='ocrx_word' id='word_1_137' title='bbox 999 982 1219 1033; x_wconf 50' lang='grc' dir='ltr'>,ψεύδεσθαι</span> <span class='ocrx_word' id='word_1_138' title='bbox 1247 987 1313 1026; x_wconf 72' lang='grc' dir='ltr'>καὶ</span> 
     </span>
     <span class='ocr_line' id='line_1_16' title="bbox 14 1034 1106 1090; baseline -0.001 -14"><span class='ocrx_word' id='word_1_139' title='bbox 14 1076 15 1087; x_wconf 20' lang='grc' dir='ltr'><strong>ἶ</strong></span> <span class='ocrx_word' id='word_1_140' title='bbox 52 1036 171 1090; x_wconf 56' lang='grc' dir='ltr'><em>μηθὲν</em></span> <span class='ocrx_word' id='word_1_141' title='bbox 185 1035 288 1089; x_wconf 66' lang='grc' dir='ltr'>ὑγιὲς</span> <span class='ocrx_word' id='word_1_142' title='bbox 301 1037 424 1089; x_wconf 64' lang='grc' dir='ltr'>λέγειν</span> <span class='ocrx_word' id='word_1_143' title='bbox 439 1034 587 1086; x_wconf 77' lang='grc' dir='ltr'>ἑτοίμως</span> <span class='ocrx_word' id='word_1_144' title='bbox 598 1036 758 1088; x_wconf 64' lang='grc' dir='ltr'>χρῆται.</span> <span class='ocrx_word' id='word_1_145' title='bbox 774 1037 934 1075; x_wconf 80' lang='grc' dir='ltr'><strong>ΗΕΜςΤ.</strong></span> <span class='ocrx_word' id='word_1_146' title='bbox 977 1051 981 1054; x_wconf 91' lang='grc'><em>·</em></span> <span class='ocrx_word' id='word_1_147' title='bbox 1103 1076 1106 1079; x_wconf 74' lang='grc'><strong>,</strong></span> 
     </span>
    </p>

    <p class='ocr_par' dir='ltr' id='par_1_3' title="bbox 47 1090 1314 2481">
     <span class='ocr_line' id='line_1_17' title="bbox 109 1090 1313 1145; baseline 0.004 -16"><span class='ocrx_word' id='word_1_148' title='bbox 109 1092 180 1129; x_wconf 83' lang='lat' dir='ltr'>ead.</span> <span class='ocrx_word' id='word_1_149' title='bbox 193 1091 216 1128; x_wconf 91' lang='lat' dir='ltr'>l.</span> <span class='ocrx_word' id='word_1_150' title='bbox 228 1090 492 1142; x_wconf 73' lang='grc' dir='ltr'>7.Ἐμε’λησοις)</span> <span class='ocrx_word' id='word_1_151' title='bbox 505 1090 714 1139; x_wconf 51' lang='lat' dir='ltr'>’Rufino-ae.</span> <span class='ocrx_word' id='word_1_152' title='bbox 726 1090 893 1130; x_wconf 82' lang='lat' dir='ltr'>GUYET.</span> <span class='ocrx_word' id='word_1_153' title='bbox 906 1090 1194 1140; x_wconf 68' lang='grc' dir='ltr'>Ρτοὲμέλησοις,</span> <span class='ocrx_word' id='word_1_154' title='bbox 1205 1094 1313 1145; x_wconf 81' lang='lat' dir='ltr'>quod</span> 
     </span>
     <span class='ocr_line' id='line_1_18' title="bbox 54 1142 1314 1194; baseline 0.004 -12"><span class='ocrx_word' id='word_1_155' title='bbox 54 1143 160 1182; x_wconf 85' lang='lat' dir='ltr'>nihili</span> <span class='ocrx_word' id='word_1_156' title='bbox 173 1143 247 1190; x_wconf 88' lang='lat' dir='ltr'>est,</span> <span class='ocrx_word' id='word_1_157' title='bbox 262 1143 302 1183; x_wconf 76' lang='grc' dir='ltr'>δι</span> <span class='ocrx_word' id='word_1_158' title='bbox 316 1156 449 1183; x_wconf 84' lang='lat' dir='ltr'>omnes</span> <span class='ocrx_word' id='word_1_159' title='bbox 461 1155 589 1182; x_wconf 88' lang='lat' dir='ltr'>tamen</span> <span class='ocrx_word' id='word_1_160' title='bbox 606 1142 753 1183; x_wconf 78' lang='lat' dir='ltr'>obsidet</span> <span class='ocrx_word' id='word_1_161' title='bbox 766 1144 969 1189; x_wconf 87' lang='lat' dir='ltr'>editiones,</span> <span class='ocrx_word' id='word_1_162' title='bbox 983 1143 1104 1183; x_wconf 90' lang='lat' dir='ltr'>scribe</span> <span class='ocrx_word' id='word_1_163' title='bbox 1118 1145 1314 1194; x_wconf 69' lang='grc' dir='ltr'>ἑμέλισοις.</span> 
     </span>
     <span class='ocr_line' id='line_1_19' title="bbox 55 1196 1310 1253; baseline 0.003 -19"><span class='ocrx_word' id='word_1_164' title='bbox 55 1197 97 1238; x_wconf 78' lang='lat' dir='ltr'>Si</span> <span class='ocrx_word' id='word_1_165' title='bbox 114 1208 171 1243; x_wconf 87' lang='lat' dir='ltr'>tu,</span> <span class='ocrx_word' id='word_1_166' title='bbox 194 1212 268 1238; x_wconf 87' lang='lat' dir='ltr'>cum</span> <span class='ocrx_word' id='word_1_167' title='bbox 279 1196 396 1248; x_wconf 72' lang='lat' dir='ltr'>fitrore</span> <span class='ocrx_word' id='word_1_168' title='bbox 418 1198 669 1249; x_wconf 76' lang='lat' dir='ltr'>corripiebaris,</span> <span class='ocrx_word' id='word_1_169' title='bbox 683 1198 804 1244; x_wconf 81' lang='lat' dir='ltr'>Aiax,</span> <span class='ocrx_word' id='word_1_170' title='bbox 826 1210 856 1235; x_wconf 87' lang='lat' dir='ltr'>te</span> <span class='ocrx_word' id='word_1_171' title='bbox 868 1197 937 1250; x_wconf 81' lang='lat' dir='ltr'>ipse</span> <span class='ocrx_word' id='word_1_172' title='bbox 955 1197 1140 1251; x_wconf 69' lang='lat' dir='ltr'>interficisti</span> <span class='ocrx_word' id='word_1_173' title='bbox 1153 1227 1164 1245; x_wconf 88' lang='lat'>,</span> <span class='ocrx_word' id='word_1_174' title='bbox 1188 1200 1310 1253; x_wconf 63' lang='lat' dir='ltr'>nofiyue</span> 
     </span>
     <span class='ocr_line' id='line_1_20' title="bbox 53 1250 1308 1303; baseline 0.003 -13"><span class='ocrx_word' id='word_1_175' title='bbox 53 1265 165 1290; x_wconf 83' lang='lat' dir='ltr'>omnes</span> <span class='ocrx_word' id='word_1_176' title='bbox 178 1252 370 1290; x_wconf 79' lang='lat' dir='ltr'>concidebas</span> <span class='ocrx_word' id='word_1_177' title='bbox 379 1281 390 1299; x_wconf 85' lang='lat'>,</span> <span class='ocrx_word' id='word_1_178' title='bbox 404 1252 485 1303; x_wconf 83' lang='lat' dir='ltr'>quid</span> <span class='ocrx_word' id='word_1_179' title='bbox 501 1250 658 1303; x_wconf 79' lang='lat' dir='ltr'>Ulyffim</span> <span class='ocrx_word' id='word_1_180' title='bbox 671 1251 811 1302; x_wconf 82' lang='lat' dir='ltr'>accusas</span> <span class='ocrx_word' id='word_1_181' title='bbox 822 1253 842 1288; x_wconf 86' lang='lat'><em>?</em></span> <span class='ocrx_word' id='word_1_182' title='bbox 858 1251 1022 1303; x_wconf 76' lang='grc' dir='ltr'>μελίζειν</span> <span class='ocrx_word' id='word_1_183' title='bbox 1036 1251 1089 1290; x_wconf 86' lang='lat' dir='ltr'>est</span> <span class='ocrx_word' id='word_1_184' title='bbox 1108 1254 1308 1294; x_wconf 84' lang='lat' dir='ltr'>membratim</span> 
     </span>
     <span class='ocr_line' id='line_1_21' title="bbox 55 1304 1311 1358; baseline 0.003 -15"><span class='ocrx_word' id='word_1_185' title='bbox 55 1305 230 1343; x_wconf 80' lang='lat' dir='ltr'>concidere.</span> <span class='ocrx_word' id='word_1_186' title='bbox 250 1305 350 1343; x_wconf 84' lang='lat' dir='ltr'>Aiax</span> <span class='ocrx_word' id='word_1_187' title='bbox 369 1304 500 1344; x_wconf 88' lang='lat' dir='ltr'>furore</span> <span class='ocrx_word' id='word_1_188' title='bbox 514 1305 678 1356; x_wconf 84' lang='lat' dir='ltr'>percitus</span> <span class='ocrx_word' id='word_1_189' title='bbox 689 1305 849 1358; x_wconf 87' lang='lat' dir='ltr'>pecudes</span> <span class='ocrx_word' id='word_1_190' title='bbox 868 1304 1083 1357; x_wconf 84' lang='lat' dir='ltr'>iugulabat‚</span> <span class='ocrx_word' id='word_1_191' title='bbox 1100 1304 1140 1343; x_wconf 87' lang='lat'>&amp;</span> <span class='ocrx_word' id='word_1_192' title='bbox 1160 1318 1247 1345; x_wconf 89' lang='lat' dir='ltr'>cum</span> <span class='ocrx_word' id='word_1_193' title='bbox 1269 1309 1311 1347; x_wconf 91' lang='lat' dir='ltr'>in</span> 
     </span>
     <span class='ocr_line' id='line_1_22' title="bbox 53 1356 1311 1411; baseline 0.004 -15"><span class='ocrx_word' id='word_1_194' title='bbox 53 1356 134 1396; x_wconf 87' lang='lat' dir='ltr'>illas</span> <span class='ocrx_word' id='word_1_195' title='bbox 143 1357 384 1410; x_wconf 77' lang='lat' dir='ltr'>grassaretur,</span> <span class='ocrx_word' id='word_1_196' title='bbox 398 1359 553 1411; x_wconf 86' lang='lat' dir='ltr'>putabat</span> <span class='ocrx_word' id='word_1_197' title='bbox 564 1358 599 1398; x_wconf 86' lang='lat' dir='ltr'>se</span> <span class='ocrx_word' id='word_1_198' title='bbox 609 1357 848 1398; x_wconf 80' lang='lat' dir='ltr'>Graecorum</span> <span class='ocrx_word' id='word_1_199' title='bbox 857 1358 1087 1398; x_wconf 87' lang='lat' dir='ltr'>obtruncare</span> <span class='ocrx_word' id='word_1_200' title='bbox 1098 1358 1220 1399; x_wconf 88' lang='lat' dir='ltr'>duces.</span> <span class='ocrx_word' id='word_1_201' title='bbox 1231 1360 1311 1401; x_wconf 87' lang='lat' dir='ltr'>Res</span> 
     </span>
     <span class='ocr_line' id='line_1_23' title="bbox 53 1410 1310 1467; baseline 0.005 -18"><span class='ocrx_word' id='word_1_202' title='bbox 53 1422 158 1450; x_wconf 89' lang='lat' dir='ltr'>nota.</span> <span class='ocrx_word' id='word_1_203' title='bbox 170 1412 268 1451; x_wconf 85' lang='lat' dir='ltr'>Vide</span> <span class='ocrx_word' id='word_1_204' title='bbox 287 1411 492 1464; x_wconf 87' lang='lat' dir='ltr'>Sophoclis</span> <span class='ocrx_word' id='word_1_205' title='bbox 510 1411 669 1451; x_wconf 85' lang='lat' dir='ltr'>Aiacem</span> <span class='ocrx_word' id='word_1_206' title='bbox 683 1410 944 1464; x_wconf 84' lang='lat' dir='ltr'>flagelliferum</span> <span class='ocrx_word' id='word_1_207' title='bbox 959 1425 997 1450; x_wconf 89' lang='lat' dir='ltr'>v.</span> <span class='ocrx_word' id='word_1_208' title='bbox 1019 1425 1095 1464; x_wconf 89' lang='lat'>297</span> <span class='ocrx_word' id='word_1_209' title='bbox 1110 1412 1151 1452; x_wconf 74' lang='grc' dir='ltr'>δι</span> <span class='ocrx_word' id='word_1_210' title='bbox 1168 1412 1242 1467; x_wconf 88' lang='lat' dir='ltr'>seq.</span> <span class='ocrx_word' id='word_1_211' title='bbox 1265 1415 1310 1455; x_wconf 86' lang='lat' dir='ltr'>In</span> 
     </span>
     <span class='ocr_line' id='line_1_24' title="bbox 55 1463 1314 1521; baseline 0 -18"><span class='ocrx_word' id='word_1_212' title='bbox 55 1463 140 1503; x_wconf 79' lang='lat' dir='ltr'>Mff.</span> <span class='ocrx_word' id='word_1_213' title='bbox 156 1475 283 1504; x_wconf 86' lang='lat' dir='ltr'>tamen</span> <span class='ocrx_word' id='word_1_214' title='bbox 295 1465 433 1516; x_wconf 81' lang='lat' dir='ltr'>legitur</span> <span class='ocrx_word' id='word_1_215' title='bbox 449 1465 676 1515; x_wconf 64' lang='grc' dir='ltr'>ἐμέλλησας,</span> <span class='ocrx_word' id='word_1_216' title='bbox 689 1465 795 1517; x_wconf 92' lang='lat' dir='ltr'>quod</span> <span class='ocrx_word' id='word_1_217' title='bbox 812 1464 840 1504; x_wconf 84' lang='lat' dir='ltr'>si</span> <span class='ocrx_word' id='word_1_218' title='bbox 853 1465 939 1517; x_wconf 88' lang='lat' dir='ltr'>quis</span> <span class='ocrx_word' id='word_1_219' title='bbox 959 1465 1084 1512; x_wconf 87' lang='lat' dir='ltr'>malit,</span> <span class='ocrx_word' id='word_1_220' title='bbox 1098 1477 1178 1504; x_wconf 88' lang='lat' dir='ltr'>non</span> <span class='ocrx_word' id='word_1_221' title='bbox 1198 1480 1314 1521; x_wconf 77' lang='lat' dir='ltr'>repu-</span> 
     </span>
     <span class='ocr_line' id='line_1_25' title="bbox 53 1517 1313 1570; baseline 0.003 -14"><span class='ocrx_word' id='word_1_222' title='bbox 53 1518 203 1570; x_wconf 80' lang='lat' dir='ltr'>gnab03</span> <span class='ocrx_word' id='word_1_223' title='bbox 218 1517 511 1558; x_wconf 86' lang='lat' dir='ltr'>subaudiendum</span> <span class='ocrx_word' id='word_1_224' title='bbox 527 1530 653 1558; x_wconf 85' lang='lat' dir='ltr'>autem</span> <span class='ocrx_word' id='word_1_225' title='bbox 667 1518 840 1569; x_wconf 74' lang='grc' dir='ltr'><em>φονεύειν,</em></span> <span class='ocrx_word' id='word_1_226' title='bbox 857 1534 920 1557; x_wconf 84' lang='lat' dir='ltr'>nos</span> <span class='ocrx_word' id='word_1_227' title='bbox 933 1520 1030 1557; x_wconf 81' lang='lat' dir='ltr'>etiam</span> <span class='ocrx_word' id='word_1_228' title='bbox 1044 1518 1213 1569; x_wconf 63' lang='lat' dir='ltr'>occisurus</span> <span class='ocrx_word' id='word_1_229' title='bbox 1225 1537 1313 1563; x_wconf 85' lang='lat' dir='ltr'>eras.</span> 
     </span>
     <span class='ocr_line' id='line_1_26' title="bbox 53 1570 1313 1625; baseline 0.002 -14"><span class='ocrx_word' id='word_1_230' title='bbox 53 1571 186 1611; x_wconf 78' lang='lat' dir='ltr'>Statim</span> <span class='ocrx_word' id='word_1_231' title='bbox 205 1585 291 1611; x_wconf 87' lang='lat' dir='ltr'>cum</span> <span class='ocrx_word' id='word_1_232' title='bbox 306 1572 575 1625; x_wconf 85' lang='lat' dir='ltr'>Agamemnon</span> <span class='ocrx_word' id='word_1_233' title='bbox 589 1573 691 1618; x_wconf 87' lang='lat' dir='ltr'>dicit,</span> <span class='ocrx_word' id='word_1_234' title='bbox 704 1572 862 1611; x_wconf 87' lang='lat' dir='ltr'>Aiacem</span> <span class='ocrx_word' id='word_1_235' title='bbox 876 1570 1036 1614; x_wconf 75' lang='lat' dir='ltr'>noluisse</span> <span class='ocrx_word' id='word_1_236' title='bbox 1055 1573 1158 1624; x_wconf 87' lang='lat' dir='ltr'>apud</span> <span class='ocrx_word' id='word_1_237' title='bbox 1170 1573 1313 1614; x_wconf 89' lang='lat' dir='ltr'>inferos</span> 
     </span>
     <span class='ocr_line' id='line_1_27' title="bbox 53 1625 1310 1678; baseline 0.002 -14"><span class='ocrx_word' id='word_1_238' title='bbox 53 1625 198 1678; x_wconf 79' lang='lat' dir='ltr'>alloqui</span> <span class='ocrx_word' id='word_1_239' title='bbox 211 1626 400 1677; x_wconf 67' lang='lat' dir='ltr'>Ulyssem,</span> <span class='ocrx_word' id='word_1_240' title='bbox 414 1625 563 1677; x_wconf 86' lang='lat' dir='ltr'>respicit</span> <span class='ocrx_word' id='word_1_241' title='bbox 574 1627 619 1665; x_wconf 84' lang='lat' dir='ltr'>ad</span> <span class='ocrx_word' id='word_1_242' title='bbox 633 1626 862 1671; x_wconf 88' lang='lat' dir='ltr'>Homerum,</span> <span class='ocrx_word' id='word_1_243' title='bbox 877 1638 992 1677; x_wconf 88' lang='lat' dir='ltr'>quern</span> <span class='ocrx_word' id='word_1_244' title='bbox 1011 1626 1099 1664; x_wconf 87' lang='lat' dir='ltr'>vide</span> <span class='ocrx_word' id='word_1_245' title='bbox 1113 1625 1251 1677; x_wconf 87' lang='lat' dir='ltr'>Odyff.</span> <span class='ocrx_word' id='word_1_246' title='bbox 1267 1634 1310 1667; x_wconf 86' lang='grc' dir='ltr'>Λ.</span> 
     </span>
     <span class='ocr_line' id='line_1_28' title="bbox 52 1678 1312 1732; baseline 0.002 -13"><span class='ocrx_word' id='word_1_247' title='bbox 52 1691 92 1719; x_wconf 90' lang='lat' dir='ltr'>v.</span> <span class='ocrx_word' id='word_1_248' title='bbox 104 1692 171 1731; x_wconf 82' lang='lat'>543</span> <span class='ocrx_word' id='word_1_249' title='bbox 187 1679 227 1719; x_wconf 71' lang='grc' dir='ltr'>δι</span> <span class='ocrx_word' id='word_1_250' title='bbox 243 1680 337 1730; x_wconf 80' lang='lat'>5263</span> <span class='ocrx_word' id='word_1_251' title='bbox 353 1678 446 1719; x_wconf 77' lang='lat' dir='ltr'>sicut</span> <span class='ocrx_word' id='word_1_252' title='bbox 458 1679 498 1718; x_wconf 88' lang='lat'>&amp;</span> <span class='ocrx_word' id='word_1_253' title='bbox 512 1692 609 1732; x_wconf 88' lang='lat' dir='ltr'>quae</span> <span class='ocrx_word' id='word_1_254' title='bbox 621 1678 776 1718; x_wconf 86' lang='lat' dir='ltr'>inferius</span> <span class='ocrx_word' id='word_1_255' title='bbox 787 1679 832 1718; x_wconf 91' lang='lat' dir='ltr'>de</span> <span class='ocrx_word' id='word_1_256' title='bbox 846 1679 961 1718; x_wconf 90' lang='lat' dir='ltr'>Theti</span> <span class='ocrx_word' id='word_1_257' title='bbox 971 1691 1076 1717; x_wconf 86' lang='lat' dir='ltr'>arma</span> <span class='ocrx_word' id='word_1_258' title='bbox 1091 1679 1130 1716; x_wconf 90' lang='lat' dir='ltr'>in</span> <span class='ocrx_word' id='word_1_259' title='bbox 1145 1681 1312 1721; x_wconf 82' lang='lat' dir='ltr'>medium</span> 
     </span>
     <span class='ocr_line' id='line_1_29' title="bbox 54 1731 1314 1786; baseline 0.002 -15"><span class='ocrx_word' id='word_1_260' title='bbox 54 1744 223 1786; x_wconf 88' lang='lat' dir='ltr'>ponente</span> <span class='ocrx_word' id='word_1_261' title='bbox 235 1743 359 1772; x_wconf 88' lang='lat' dir='ltr'>narrat</span> <span class='ocrx_word' id='word_1_262' title='bbox 380 1733 667 1785; x_wconf 80' lang='lat' dir='ltr'>Agamemnon,</span> <span class='ocrx_word' id='word_1_263' title='bbox 687 1745 735 1772; x_wconf 85' lang='lat' dir='ltr'>ex</span> <span class='ocrx_word' id='word_1_264' title='bbox 755 1732 891 1772; x_wconf 88' lang='lat' dir='ltr'>eodem</span> <span class='ocrx_word' id='word_1_265' title='bbox 907 1732 999 1771; x_wconf 86' lang='lat' dir='ltr'>loco</span> <span class='ocrx_word' id='word_1_266' title='bbox 1020 1731 1255 1784; x_wconf 77' lang='lat' dir='ltr'>petita&#39;sunt‚</span> <span class='ocrx_word' id='word_1_267' title='bbox 1269 1748 1314 1775; x_wconf 74' lang='lat' dir='ltr'>v·</span> 
     </span>
     <span class='ocr_line' id='line_1_30' title="bbox 58 1785 1313 1838; baseline 0.003 -13"><span class='ocrx_word' id='word_1_268' title='bbox 58 1799 144 1838; x_wconf 82' lang='lat'>545.</span> <span class='ocrx_word' id='word_1_269' title='bbox 156 1785 280 1838; x_wconf 86' lang='lat' dir='ltr'>Quod</span> <span class='ocrx_word' id='word_1_270' title='bbox 294 1786 392 1825; x_wconf 87' lang='lat' dir='ltr'>addit</span> <span class='ocrx_word' id='word_1_271' title='bbox 405 1786 534 1838; x_wconf 83' lang='lat' dir='ltr'>postea</span> <span class='ocrx_word' id='word_1_272' title='bbox 549 1787 593 1826; x_wconf 90' lang='lat' dir='ltr'>de</span> <span class='ocrx_word' id='word_1_273' title='bbox 608 1786 786 1826; x_wconf 88' lang='lat' dir='ltr'>Troianis</span> <span class='ocrx_word' id='word_1_274' title='bbox 801 1785 1020 1825; x_wconf 85' lang='lat' dir='ltr'>sententiam</span> <span class='ocrx_word' id='word_1_275' title='bbox 1033 1785 1254 1833; x_wconf 83' lang='lat' dir='ltr'>ferentibus,</span> <span class='ocrx_word' id='word_1_276' title='bbox 1270 1789 1313 1829; x_wconf 87' lang='lat'>&amp;</span> 
     </span>
     <span class='ocr_line' id='line_1_31' title="bbox 54 1839 1312 1892; baseline 0.001 -13"><span class='ocrx_word' id='word_1_277' title='bbox 54 1852 153 1892; x_wconf 87' lang='lat' dir='ltr'>quae</span> <span class='ocrx_word' id='word_1_278' title='bbox 167 1839 368 1892; x_wconf 91' lang='lat' dir='ltr'>respondet</span> <span class='ocrx_word' id='word_1_279' title='bbox 377 1840 480 1878; x_wconf 84' lang='lat' dir='ltr'>Aiax</span> <span class='ocrx_word' id='word_1_280' title='bbox 491 1871 501 1887; x_wconf 93' lang='lat'>,</span> <span class='ocrx_word' id='word_1_281' title='bbox 513 1841 594 1878; x_wconf 76' lang='lat' dir='ltr'>novi</span> <span class='ocrx_word' id='word_1_282' title='bbox 601 1870 615 1885; x_wconf 87' lang='lat'>,</span> <span class='ocrx_word' id='word_1_283' title='bbox 627 1855 711 1892; x_wconf 81' lang='lat' dir='ltr'>quae</span> <span class='ocrx_word' id='word_1_284' title='bbox 722 1856 772 1878; x_wconf 87' lang='lat' dir='ltr'>me</span> <span class='ocrx_word' id='word_1_285' title='bbox 782 1840 966 1885; x_wconf 79' lang='lat' dir='ltr'>damnarit,</span> <span class='ocrx_word' id='word_1_286' title='bbox 979 1839 1216 1891; x_wconf 76' lang='lat' dir='ltr'>intelligenda</span> <span class='ocrx_word' id='word_1_287' title='bbox 1226 1840 1312 1880; x_wconf 90' lang='lat' dir='ltr'>sunt</span> 
     </span>
     <span class='ocr_line' id='line_1_32' title="bbox 53 1890 1312 1946; baseline 0.001 -14"><span class='ocrx_word' id='word_1_288' title='bbox 53 1906 103 1932; x_wconf 85' lang='lat' dir='ltr'>ex</span> <span class='ocrx_word' id='word_1_289' title='bbox 122 1892 234 1932; x_wconf 87' lang='lat' dir='ltr'>versu</span> <span class='ocrx_word' id='word_1_290' title='bbox 259 1892 437 1946; x_wconf 88' lang='lat' dir='ltr'>sequente</span> <span class='ocrx_word' id='word_1_291' title='bbox 462 1890 644 1932; x_wconf 82' lang='lat' dir='ltr'>Homeri:</span> <span class='ocrx_word' id='word_1_292' title='bbox 672 1892 816 1932; x_wconf 58' lang='grc' dir='ltr'>Παῖὲες</span> <span class='ocrx_word' id='word_1_293' title='bbox 841 1892 886 1932; x_wconf 63' lang='grc' dir='ltr'>δὲ</span> <span class='ocrx_word' id='word_1_294' title='bbox 906 1892 1028 1945; x_wconf 78' lang='grc' dir='ltr'><em>Τρώων</em></span> <span class='ocrx_word' id='word_1_295' title='bbox 1051 1891 1220 1933; x_wconf 55' lang='grc' dir='ltr'>’δίκασαν</span> <span class='ocrx_word' id='word_1_296' title='bbox 1246 1895 1312 1933; x_wconf 72' lang='grc' dir='ltr'>καὶ</span> 
     </span>
     <span class='ocr_line' id='line_1_33' title="bbox 54 1945 1313 1999; baseline 0.002 -14"><span class='ocrx_word' id='word_1_297' title='bbox 54 1947 218 1992; x_wconf 67' lang='grc' dir='ltr'>Πάλλας</span> <span class='ocrx_word' id='word_1_298' title='bbox 227 1945 356 1987; x_wconf 68' lang='grc' dir='ltr'>Ἀθήνη.</span> <span class='ocrx_word' id='word_1_299' title='bbox 368 1946 432 1986; x_wconf 92' lang='lat' dir='ltr'>De</span> <span class='ocrx_word' id='word_1_300' title='bbox 446 1947 514 1986; x_wconf 85' lang='lat' dir='ltr'>hac</span> <span class='ocrx_word' id='word_1_301' title='bbox 526 1947 777 1999; x_wconf 87' lang='lat' dir='ltr'>conqueritur</span> <span class='ocrx_word' id='word_1_302' title='bbox 788 1948 901 1985; x_wconf 85' lang='lat' dir='ltr'>etiam</span> <span class='ocrx_word' id='word_1_303' title='bbox 915 1945 1016 1999; x_wconf 87' lang='lat' dir='ltr'>apud</span> <span class='ocrx_word' id='word_1_304' title='bbox 1029 1945 1260 1999; x_wconf 90' lang='lat' dir='ltr'>Sophoclem</span> <span class='ocrx_word' id='word_1_305' title='bbox 1272 1948 1313 1987; x_wconf 89' lang='lat' dir='ltr'>in</span> 
     </span>
     <span class='ocr_line' id='line_1_34' title="bbox 52 1999 1312 2052; baseline 0 -12"><span class='ocrx_word' id='word_1_306' title='bbox 52 2000 202 2040; x_wconf 85' lang='lat' dir='ltr'>laudata</span> <span class='ocrx_word' id='word_1_307' title='bbox 222 1999 361 2040; x_wconf 88' lang='lat' dir='ltr'>fabula.</span> <span class='ocrx_word' id='word_1_308' title='bbox 379 2000 550 2040; x_wconf 72' lang='lat' dir='ltr'>GRAEV.</span> <span class='ocrx_word' id='word_1_309' title='bbox 570 1999 645 2040; x_wconf 90' lang='lat' dir='ltr'>Pro</span> <span class='ocrx_word' id='word_1_310' title='bbox 664 2001 861 2049; x_wconf 72' lang='grc' dir='ltr'>ἐμελησεις,</span> <span class='ocrx_word' id='word_1_311' title='bbox 876 1999 979 2052; x_wconf 87' lang='lat' dir='ltr'>quod</span> <span class='ocrx_word' id='word_1_312' title='bbox 993 1999 1085 2038; x_wconf 88' lang='lat' dir='ltr'>nihil</span> <span class='ocrx_word' id='word_1_313' title='bbox 1103 2000 1176 2045; x_wconf 84' lang='lat' dir='ltr'>est,</span> <span class='ocrx_word' id='word_1_314' title='bbox 1191 2000 1232 2039; x_wconf 73' lang='grc' dir='ltr'>δι</span> <span class='ocrx_word' id='word_1_315' title='bbox 1251 2012 1312 2040; x_wconf 84' lang='lat' dir='ltr'>ta-</span> 
     </span>
     <span class='ocr_line' id='line_1_35' title="bbox 53 2052 1312 2107; baseline 0.002 -14"><span class='ocrx_word' id='word_1_316' title='bbox 53 2067 143 2094; x_wconf 89' lang='lat' dir='ltr'>men</span> <span class='ocrx_word' id='word_1_317' title='bbox 162 2067 295 2094; x_wconf 90' lang='lat' dir='ltr'>omnes</span> <span class='ocrx_word' id='word_1_318' title='bbox 317 2055 525 2107; x_wconf 88' lang='lat' dir='ltr'>occupavit</span> <span class='ocrx_word' id='word_1_319' title='bbox 543 2055 745 2102; x_wconf 88' lang='lat' dir='ltr'>editiones,</span> <span class='ocrx_word' id='word_1_320' title='bbox 769 2053 932 2093; x_wconf 87' lang='lat' dir='ltr'>coniecit</span> <span class='ocrx_word' id='word_1_321' title='bbox 955 2052 971 2091; x_wconf 81' lang='grc' dir='ltr'><strong><em>ὃ</em></strong></span> <span class='ocrx_word' id='word_1_322' title='bbox 995 2052 1094 2093; x_wconf 65' lang='grc' dir='ltr'>πάνυ</span> <span class='ocrx_word' id='word_1_323' title='bbox 1118 2052 1312 2095; x_wconf 82' lang='lat' dir='ltr'>Graevius</span> 
     </span>
     <span class='ocr_line' id='line_1_36' title="bbox 51 2106 1312 2158; baseline -0.001 -10"><span class='ocrx_word' id='word_1_324' title='bbox 51 2107 289 2148; x_wconf 85' lang='lat' dir='ltr'>scribendum</span> <span class='ocrx_word' id='word_1_325' title='bbox 312 2107 508 2157; x_wconf 77' lang='grc' dir='ltr'>ἐμὲλιο-οις,</span> <span class='ocrx_word' id='word_1_326' title='bbox 528 2107 602 2147; x_wconf 88' lang='lat' dir='ltr'>hoc</span> <span class='ocrx_word' id='word_1_327' title='bbox 620 2106 746 2147; x_wconf 84' lang='lat' dir='ltr'>sensu:</span> <span class='ocrx_word' id='word_1_328' title='bbox 763 2108 803 2145; x_wconf 80' lang='lat' dir='ltr'>Si</span> <span class='ocrx_word' id='word_1_329' title='bbox 820 2120 877 2153; x_wconf 85' lang='lat' dir='ltr'>tu,</span> <span class='ocrx_word' id='word_1_330' title='bbox 893 2121 967 2146; x_wconf 85' lang='lat' dir='ltr'>cum</span> <span class='ocrx_word' id='word_1_331' title='bbox 983 2106 1099 2158; x_wconf 63' lang='lat' dir='ltr'>fictore</span> <span class='ocrx_word' id='word_1_332' title='bbox 1115 2109 1312 2156; x_wconf 66' lang='lat' dir='ltr'>corripieba-</span> 
     </span>
     <span class='ocr_line' id='line_1_37' title="bbox 55 2159 1312 2214; baseline -0.001 -14"><span class='ocrx_word' id='word_1_333' title='bbox 55 2162 106 2200; x_wconf 80' lang='lat' dir='ltr'>ris</span> <span class='ocrx_word' id='word_1_334' title='bbox 116 2189 127 2208; x_wconf 87' lang='lat'>,</span> <span class='ocrx_word' id='word_1_335' title='bbox 140 2161 242 2200; x_wconf 80' lang='lat' dir='ltr'>Aiax</span> <span class='ocrx_word' id='word_1_336' title='bbox 252 2193 263 2209; x_wconf 91' lang='lat'><strong>‚</strong></span> <span class='ocrx_word' id='word_1_337' title='bbox 273 2174 305 2201; x_wconf 80' lang='lat' dir='ltr'>te</span> <span class='ocrx_word' id='word_1_338' title='bbox 316 2162 383 2214; x_wconf 71' lang='lat' dir='ltr'>ipfi:</span> <span class='ocrx_word' id='word_1_339' title='bbox 394 2159 577 2214; x_wconf 63' lang='lat' dir='ltr'>interfectffi</span> <span class='ocrx_word' id='word_1_340' title='bbox 588 2192 601 2208; x_wconf 87' lang='lat'>,</span> <span class='ocrx_word' id='word_1_341' title='bbox 612 2161 735 2214; x_wconf 60' lang='lat' dir='ltr'>nofijue</span> <span class='ocrx_word' id='word_1_342' title='bbox 750 2176 862 2200; x_wconf 85' lang='lat' dir='ltr'>omnes</span> <span class='ocrx_word' id='word_1_343' title='bbox 873 2161 1066 2200; x_wconf 81' lang='lat' dir='ltr'>concidebas</span> <span class='ocrx_word' id='word_1_344' title='bbox 1074 2190 1087 2206; x_wconf 92' lang='lat'>,</span> <span class='ocrx_word' id='word_1_345' title='bbox 1098 2161 1182 2212; x_wconf 69' lang='lat' dir='ltr'>quid</span> <span class='ocrx_word' id='word_1_346' title='bbox 1197 2162 1312 2214; x_wconf 72' lang='lat' dir='ltr'><em>Ulyfi</em></span> 
     </span>
     <span class='ocr_line' id='line_1_38' title="bbox 47 2214 1311 2268; baseline 0 -14"><span class='ocrx_word' id='word_1_347' title='bbox 47 2215 120 2268; x_wconf 80' lang='lat' dir='ltr'>fim</span> <span class='ocrx_word' id='word_1_348' title='bbox 137 2215 277 2266; x_wconf 61' lang='lat' dir='ltr'>accustus</span> <span class='ocrx_word' id='word_1_349' title='bbox 289 2218 309 2253; x_wconf 71' lang='grc' dir='ltr'><em>Ρ</em></span> <span class='ocrx_word' id='word_1_350' title='bbox 331 2216 430 2254; x_wconf 84' lang='lat' dir='ltr'>Aiax</span> <span class='ocrx_word' id='word_1_351' title='bbox 449 2216 548 2265; x_wconf 86' lang='lat' dir='ltr'>enim</span> <span class='ocrx_word' id='word_1_352' title='bbox 570 2214 700 2254; x_wconf 83' lang='lat' dir='ltr'>furore</span> <span class='ocrx_word' id='word_1_353' title='bbox 720 2215 890 2268; x_wconf 88' lang='lat' dir='ltr'>percitus</span> <span class='ocrx_word' id='word_1_354' title='bbox 910 2214 1074 2267; x_wconf 88' lang='lat' dir='ltr'>pecudes</span> <span class='ocrx_word' id='word_1_355' title='bbox 1093 2214 1311 2265; x_wconf 82' lang='lat' dir='ltr'>iugulabat,</span> 
     </span>
     <span class='ocr_line' id='line_1_39' title="bbox 55 2267 1312 2321; baseline -0.002 -11"><span class='ocrx_word' id='word_1_356' title='bbox 55 2270 109 2315; x_wconf 85' lang='lat'>&amp;‚</span> <span class='ocrx_word' id='word_1_357' title='bbox 121 2282 208 2308; x_wconf 87' lang='lat' dir='ltr'>cum</span> <span class='ocrx_word' id='word_1_358' title='bbox 219 2271 255 2308; x_wconf 89' lang='lat' dir='ltr'>in</span> <span class='ocrx_word' id='word_1_359' title='bbox 267 2268 347 2308; x_wconf 88' lang='lat' dir='ltr'>illas</span> <span class='ocrx_word' id='word_1_360' title='bbox 361 2267 600 2321; x_wconf 77' lang='lat' dir='ltr'>grassaretur,</span> <span class='ocrx_word' id='word_1_361' title='bbox 614 2270 789 2321; x_wconf 85' lang='lat' dir='ltr'>putabat,</span> <span class='ocrx_word' id='word_1_362' title='bbox 801 2267 838 2307; x_wconf 90' lang='lat' dir='ltr'>se</span> <span class='ocrx_word' id='word_1_363' title='bbox 850 2268 1092 2308; x_wconf 85' lang='lat' dir='ltr'>Graecorum</span> <span class='ocrx_word' id='word_1_364' title='bbox 1103 2268 1312 2308; x_wconf 62' lang='lat' dir='ltr'>obtrunca*</span> 
     </span>
     <span class='ocr_line' id='line_1_40' title="bbox 55 2320 1313 2375; baseline 0.002 -14"><span class='ocrx_word' id='word_1_365' title='bbox 55 2335 97 2362; x_wconf 90' lang='lat' dir='ltr'>re</span> <span class='ocrx_word' id='word_1_366' title='bbox 109 2322 234 2361; x_wconf 84' lang='lat' dir='ltr'>duces.</span> <span class='ocrx_word' id='word_1_367' title='bbox 246 2323 330 2375; x_wconf 84' lang='lat' dir='ltr'>Ego</span> <span class='ocrx_word' id='word_1_368' title='bbox 344 2333 471 2361; x_wconf 85' lang='lat' dir='ltr'>tamen</span> <span class='ocrx_word' id='word_1_369' title='bbox 483 2321 658 2375; x_wconf 84' lang='lat' dir='ltr'>praefero</span> <span class='ocrx_word' id='word_1_370' title='bbox 670 2322 872 2361; x_wconf 56' lang='lat' dir='ltr'>leffiiionem</span> <span class='ocrx_word' id='word_1_371' title='bbox 886 2352 897 2370; x_wconf 86' lang='lat'>,</span> <span class='ocrx_word' id='word_1_372' title='bbox 911 2334 1026 2375; x_wconf 84' lang='lat' dir='ltr'>quam</span> <span class='ocrx_word' id='word_1_373' title='bbox 1042 2320 1163 2360; x_wconf 85' lang='lat' dir='ltr'>Mstos</span> <span class='ocrx_word' id='word_1_374' title='bbox 1174 2321 1313 2363; x_wconf 80' lang='lat' dir='ltr'>habere</span> 
     </span>
     <span class='ocr_line' id='line_1_41' title="bbox 55 2374 1312 2425; baseline 0.001 -11"><span class='ocrx_word' id='word_1_375' title='bbox 55 2375 212 2415; x_wconf 84' lang='lat' dir='ltr'>testatur</span> <span class='ocrx_word' id='word_1_376' title='bbox 228 2377 287 2415; x_wconf 91' lang='lat' dir='ltr'>vir</span> <span class='ocrx_word' id='word_1_377' title='bbox 300 2376 346 2416; x_wconf 89' lang='lat' dir='ltr'>cl.</span> <span class='ocrx_word' id='word_1_378' title='bbox 362 2376 480 2414; x_wconf 91' lang='lat' dir='ltr'>modo</span> <span class='ocrx_word' id='word_1_379' title='bbox 496 2375 669 2416; x_wconf 84' lang='lat' dir='ltr'>laudatus</span> <span class='ocrx_word' id='word_1_380' title='bbox 681 2407 692 2423; x_wconf 96' lang='lat'>,</span> <span class='ocrx_word' id='word_1_381' title='bbox 708 2375 756 2415; x_wconf 90' lang='lat' dir='ltr'>sc.</span> <span class='ocrx_word' id='word_1_382' title='bbox 771 2376 1000 2425; x_wconf 63' lang='grc' dir='ltr'>ἐμέλλησας,</span> <span class='ocrx_word' id='word_1_383' title='bbox 1013 2384 1057 2414; x_wconf 92' lang='lat' dir='ltr'>ut</span> <span class='ocrx_word' id='word_1_384' title='bbox 1069 2374 1312 2415; x_wconf 82' lang='lat' dir='ltr'>subaudiatur</span> 
     </span>
     <span class='ocr_line' id='line_1_42' title="bbox 56 2428 1312 2481; baseline 0.002 -14"><span class='ocrx_word' id='word_1_385' title='bbox 56 2429 215 2479; x_wconf 78' lang='grc' dir='ltr'><em>φονεύειν</em></span> <span class='ocrx_word' id='word_1_386' title='bbox 238 2441 286 2468; x_wconf 85' lang='lat' dir='ltr'>ex</span> <span class='ocrx_word' id='word_1_387' title='bbox 310 2429 571 2481; x_wconf 89' lang='lat' dir='ltr'>praecedenti,</span> <span class='ocrx_word' id='word_1_388' title='bbox 598 2429 635 2468; x_wconf 82' lang='lat' dir='ltr'>h.</span> <span class='ocrx_word' id='word_1_389' title='bbox 655 2443 687 2469; x_wconf 91' lang='lat' dir='ltr'>e.</span> <span class='ocrx_word' id='word_1_390' title='bbox 708 2429 936 2480; x_wconf 55' lang='lat' dir='ltr'>interfei‘lurus</span> <span class='ocrx_word' id='word_1_391' title='bbox 957 2444 1040 2467; x_wconf 80' lang='lat' dir='ltr'>eras.</span> <span class='ocrx_word' id='word_1_392' title='bbox 1063 2428 1183 2468; x_wconf 89' lang='lat' dir='ltr'>Simili</span> <span class='ocrx_word' id='word_1_393' title='bbox 1201 2429 1312 2480; x_wconf 88' lang='lat' dir='ltr'>plane</span> 
     </span>
    </p>
   </div>
   <div class='ocr_carea' id='block_1_3' title="bbox 56 2481 1312 2588">
    <p class='ocr_par' dir='ltr' id='par_1_4' title="bbox 56 2481 1312 2588">
     <span class='ocr_line' id='line_1_43' title="bbox 56 2481 1312 2536; baseline 0.001 -14"><span class='ocrx_word' id='word_1_394' title='bbox 56 2482 174 2523; x_wconf 89' lang='lat' dir='ltr'>modo</span> <span class='ocrx_word' id='word_1_395' title='bbox 181 2482 301 2522; x_wconf 89' lang='lat' dir='ltr'>locuti</span> <span class='ocrx_word' id='word_1_396' title='bbox 310 2482 393 2522; x_wconf 84' lang='lat' dir='ltr'>sunt</span> <span class='ocrx_word' id='word_1_397' title='bbox 406 2482 478 2520; x_wconf 85' lang='lat' dir='ltr'>alii.</span> <span class='ocrx_word' id='word_1_398' title='bbox 488 2482 568 2524; x_wconf 89' lang='lat' dir='ltr'>Dio</span> <span class='ocrx_word' id='word_1_399' title='bbox 581 2482 780 2536; x_wconf 81' lang='lat' dir='ltr'>Chrysost.</span> <span class='ocrx_word' id='word_1_400' title='bbox 793 2481 864 2524; x_wconf 90' lang='lat' dir='ltr'>Or.</span> <span class='ocrx_word' id='word_1_401' title='bbox 876 2482 1002 2523; x_wconf 89' lang='lat' dir='ltr'>LXIV</span> <span class='ocrx_word' id='word_1_402' title='bbox 1014 2482 1059 2521; x_wconf 87' lang='lat' dir='ltr'>de</span> <span class='ocrx_word' id='word_1_403' title='bbox 1069 2483 1312 2533; x_wconf 71' lang='lat' dir='ltr'>Alexandroz=</span> 
     </span>
     <span class='ocr_line' id='line_1_44' title="bbox 161 2535 1066 2588; baseline -0.001 -12"><span class='ocrx_word' id='word_1_404' title='bbox 161 2536 305 2588; x_wconf 67' lang='lat' dir='ltr'>Luciam.</span> <span class='ocrx_word' id='word_1_405' title='bbox 337 2536 414 2578; x_wconf 85' lang='lat' dir='ltr'>Vol.</span> <span class='ocrx_word' id='word_1_406' title='bbox 443 2536 493 2578; x_wconf 81' lang='lat' dir='ltr'>II.</span> <span class='ocrx_word' id='word_1_407' title='bbox 971 2535 1015 2576; x_wconf 89' lang='lat' dir='ltr'><strong>M</strong></span> <span class='ocrx_word' id='word_1_408' title='bbox 1029 2548 1066 2575; x_wconf 91' lang='lat' dir='ltr'>m</span> 
     </span>
    </p>
   </div>
   <div class='ocr_carea' id='block_1_4' title="bbox 0 0 53 1008">
    <p class='ocr_par' dir='ltr' id='par_1_5' title="bbox 0 0 53 1008">
     <span class='ocr_line' id='line_1_45' title="bbox 0 0 53 1008; baseline 0 0"><span class='ocrx_word' id='word_1_409' title='bbox 0 0 53 1008; x_wconf 95' lang='lat' dir='ltr'> </span> 
     </span>
    </p>
   </div>
  </div>
 </body>
</html>
